
@article{Adami2002WhaCom,
  title = {What Is Complexity?},
  author = {Adami, Christoph},
  year = {2002},
  volume = {24},
  pages = {1085--1094},
  issn = {1521-1878},
  doi = {10.1002/bies.10192},
  journal = {BioEssays},
  language = {en},
  number = {12}
}

@article{Barbier2018GenAss,
  title = {Generic Assembly Patterns in Complex Ecological Communities},
  author = {Barbier, Matthieu and Arnoldi, Jean-Fran{\c c}ois and Bunin, Guy and Loreau, Michel},
  year = {2018},
  pages = {201710352},
  issn = {0027-8424, 1091-6490},
  doi = {10.1073/pnas.1710352115},
  journal = {Proceedings of the National Academy of Sciences},
  language = {en}
}

@article{Bascompte2003NesAss,
  title = {The Nested Assembly of Plant-Animal Mutualistic Networks},
  author = {Bascompte, J. and Jordano, P. and Melian, C. J. and Olesen, J. M.},
  year = {2003},
  volume = {100},
  pages = {9383--9387},
  issn = {0027-8424, 1091-6490},
  doi = {10.1073/pnas.1633576100},
  journal = {Proceedings of the National Academy of Sciences},
  language = {en},
  number = {16}
}

@article{Bascompte2007PlaMut,
  title = {Plant-{{Animal Mutualistic Networks}}: {{The Architecture}} of {{Biodiversity}}},
  author = {Bascompte, Jordi and Jordano, Pedro},
  year = {2007},
  volume = {38},
  pages = {567--593},
  issn = {1543-592X, 1545-2069},
  doi = {10.1146/annurev.ecolsys.38.091206.095818},
  journal = {Annual Review of Ecology, Evolution, and Systematics},
  language = {en},
  number = {1}
}

@article{Bastolla2009ArcMut,
  title = {The Architecture of Mutualistic Networks Minimizes Competition and Increases Biodiversity},
  author = {Bastolla, Ugo and Fortuna, Miguel A. and {Pascual-Garc{\'i}a}, Alberto and Ferrera, Antonio and Luque, Bartolo and Bascompte, Jordi},
  year = {2009},
  volume = {458},
  pages = {1018--1020},
  publisher = {{Springer Nature}},
  issn = {0028-0836, 1476-4687},
  doi = {10.1038/nature07950},
  journal = {Nature},
  number = {7241}
}

@article{Becker2020PreWil,
  title = {Predicting Wildlife Hosts of Betacoronaviruses for {{SARS}}-{{CoV}}-2 Sampling Prioritization},
  author = {Becker, Daniel J. and Albery, Gregory F. and Sjodin, Anna R. and Poisot, Timoth{\'e}e and Dallas, Tad A. and Eskew, Evan A. and Farrell, Maxwell J. and Guth, Sarah and Han, Barbara A. and Simmons, Nancy B. and Carlson, Colin J.},
  year = {2020},
  pages = {2020.05.22.111344},
  publisher = {{Cold Spring Harbor Laboratory}},
  doi = {10.1101/2020.05.22.111344},
  chapter = {New Results},
  journal = {bioRxiv},
  language = {en}
}

@article{Bezanson2017JulFre,
  title = {Julia: {{A Fresh Approach}} to {{Numerical Computing}}},
  author = {Bezanson, J. and Edelman, A. and Karpinski, S. and Shah, V.},
  year = {2017},
  volume = {59},
  pages = {65--98},
  issn = {0036-1445},
  doi = {10.1137/141000671},
  journal = {SIAM Review},
  number = {1}
}

@article{Borrelli2015SelIns,
  title = {Selection against Instability: Stable Subgraphs Are Most Frequent in Empirical Food Webs},
  author = {Borrelli, Jonathan J.},
  year = {2015},
  volume = {124},
  pages = {1583--1588},
  issn = {00301299},
  doi = {10.1111/oik.02176},
  journal = {Oikos},
  language = {en},
  number = {12}
}

@article{Brose2006AllSca,
  title = {Allometric Scaling Enhances Stability in Complex Food Webs},
  author = {Brose, Ulrich and Williams, Richard J. and Martinez, Neo D.},
  year = {2006},
  volume = {9},
  pages = {1228--1236},
  issn = {1461-0248},
  doi = {10.1111/j.1461-0248.2006.00978.x},
  journal = {Ecology Letters},
  language = {en},
  number = {11}
}

@article{Chamberlain2014HowCon,
  title = {How Context Dependent Are Species Interactions?},
  author = {Chamberlain, Scott A. and Bronstein, Judith L. and Rudgers, Jennifer A.},
  year = {2014},
  volume = {17},
  pages = {881--890},
  issn = {1461-0248},
  doi = {10.1111/ele.12279},
  journal = {Ecology Letters},
  language = {en},
  number = {7}
}

@article{Delmas2018AnaEco,
  title = {Analysing Ecological Networks of Species Interactions},
  author = {Delmas, Eva and Besson, Mathilde and Brice, Marie-H{\'e}l{\`e}ne and Burkle, Laura A. and Dalla Riva, Giulio V. and Fortin, Marie-Jos{\'e}e and Gravel, Dominique and Guimar{\~a}es, Paulo R. and Hembry, David H. and Newman, Erica A. and Olesen, Jens M. and Pires, Mathias M. and Yeakel, Justin D. and Poisot, Timoth{\'e}e},
  year = {2018},
  pages = {112540},
  issn = {14647931},
  doi = {10.1111/brv.12433},
  journal = {Biological Reviews},
  language = {en}
}

@article{Du2010NotNeu,
  title = {A Note on the von {{Neumann}} Entropy of Random Graphs},
  author = {Du, Wenxue and Li, Xueliang and Li, Yiyang and Severini, Simone},
  year = {2010},
  volume = {433},
  pages = {1722--1725},
  issn = {0024-3795},
  doi = {10.1016/j.laa.2010.06.040},
  journal = {Linear Algebra and its Applications},
  language = {en},
  number = {11}
}

@article{Duffy2007FunRol,
  title = {The Functional Role of Biodiversity in Ecosystems: Incorporating Trophic Complexity},
  author = {Duffy, J. Emmett and Cardinale, Bradley J. and France, Kristin E. and McIntyre, Peter B. and Th{\'e}bault, Elisa and Loreau, Michel},
  year = {2007},
  volume = {10},
  pages = {522--538},
  issn = {1461-0248},
  doi = {10.1111/j.1461-0248.2007.01037.x},
  journal = {Ecology Letters},
  language = {en},
  number = {6}
}

@article{Dunne2002NetStr,
  title = {Network Structure and Biodiversity Loss in Food Webs: Robustness Increases with Connectance},
  author = {Dunne, Jennifer A. and Williams, Richard J. and Martinez, Neo D.},
  year = {2002},
  volume = {5},
  pages = {558--567},
  issn = {1461-0248},
  doi = {10.1046/j.1461-0248.2002.00354.x},
  journal = {Ecology Letters},
  language = {en},
  number = {4}
}

@article{Eckart1936AppOne,
  title = {The Approximation of One Matrix by Another of Lower Rank},
  author = {Eckart, Carl and Young, Gale},
  year = {1936},
  volume = {1},
  pages = {211--218},
  issn = {1860-0980},
  doi = {10.1007/BF02288367},
  journal = {Psychometrika},
  language = {en},
  number = {3}
}

@article{Feng2015HetEco,
  title = {Heterogeneity in Ecological Mutualistic Networks Dominantly Determines Community Stability},
  author = {Feng, Wenfeng and Takemoto, Kazuhiro},
  year = {2015},
  volume = {4},
  pages = {5912},
  issn = {2045-2322},
  doi = {10.1038/srep05912},
  journal = {Scientific Reports},
  language = {en},
  number = {1}
}

@book{Forsythe1967ComSol,
  title = {Computer {{Solution}} of {{Linear Algebraic Systems}}},
  author = {Forsythe, George and Moler, Cleve},
  year = {1967},
  publisher = {{Prentice Hall}},
  address = {{Englewood Cliffs, New Jersey}}
}

@article{Fortuna2006HabLos,
  ids = {FortBasc06},
  title = {Habitat Loss and the Structure of Plant-Animal Mutualistic Networks: {{Mutualistic}} Networks and Habitat Loss},
  author = {Fortuna, Miguel A. and Bascompte, Jordi},
  year = {2006},
  volume = {9},
  pages = {281--286},
  issn = {1461023X},
  doi = {10.1111/j.1461-0248.2005.00868.x},
  journal = {Ecology Letters},
  language = {en},
  number = {3}
}

@article{Ginebreda2019QuaEco,
  title = {Quantification of Ecological Complexity and Resilience from Multivariate Biological Metrics Datasets Using Singular Value Decomposition Entropy},
  author = {Ginebreda, Antoni and {Sabater-Liesa}, Laia and Barcel{\'o}, Dami{\`a}},
  year = {2019},
  volume = {6},
  pages = {1668--1676},
  issn = {22150161},
  doi = {10.1016/j.mex.2019.07.020},
  journal = {MethodsX},
  language = {en}
}

@incollection{Golub1971SinVal,
  title = {Singular Value Decomposition and Least Squares Solutions},
  booktitle = {Linear {{Algebra}}},
  author = {Golub, Gene H. and Reinsch, Christian},
  year = {1971},
  pages = {134--151},
  publisher = {{Springer}}
}

@article{Golub1987GenEck,
  title = {A Generalization of the {{Eckart}}-{{Young}}-{{Mirsky}} Matrix Approximation Theorem},
  author = {Golub, G. H. and Hoffman, Alan and Stewart, G. W.},
  year = {1987},
  volume = {88-89},
  pages = {317--327},
  issn = {0024-3795},
  doi = {10.1016/0024-3795(87)90114-5},
  journal = {Linear Algebra and its Applications},
  language = {en}
}

@article{Gravel2016StaCom,
  title = {Stability and Complexity in Model Meta-Ecosystems},
  author = {Gravel, Dominique and Massol, Fran{\c c}ois and Leibold, Mathew A.},
  year = {2016},
  volume = {7},
  pages = {12457},
  issn = {2041-1723},
  doi = {10.1038/ncomms12457},
  journal = {Nature Communications},
  language = {en}
}

@article{Gu2016HowLon,
  title = {How Long the Singular Value Decomposed Entropy Predicts the Stock Market? \textemdash{} {{Evidence}} from the {{Dow Jones Industrial Average Index}}},
  author = {Gu, Rongbao and Shao, Yanmin},
  year = {2016},
  volume = {453},
  pages = {150--161},
  publisher = {{Elsevier}},
  journal = {Physica A: Statistical Mechanics and its Applications},
  language = {en},
  number = {C}
}

@article{Jacquet2016NoCom,
  title = {No Complexity\textendash Stability Relationship in Empirical Ecosystems},
  author = {Jacquet, Claire and Moritz, Charlotte and Morissette, Lyne and Legagneux, Pierre and Massol, Fran{\c c}ois and Archambault, Philippe and Gravel, Dominique},
  year = {2016},
  volume = {7},
  pages = {12573},
  issn = {2041-1723},
  doi = {10.1038/ncomms12573},
  journal = {Nature Communications}
}

@article{James2012DisNes,
  title = {Disentangling Nestedness from Models of Ecological Complexity},
  author = {James, Alex and Pitchford, Jonathan W. and Plank, Michael J.},
  year = {2012},
  volume = {487},
  pages = {227--230},
  publisher = {{Nature Publishing Group}},
  issn = {1476-4687},
  doi = {10.1038/nature11214},
  journal = {Nature},
  language = {en},
  number = {7406}
}

@article{Kirkpatrick1984OptSim,
  title = {Optimization by Simulated Annealing: {{Quantitative}} Studies},
  author = {Kirkpatrick, Scott},
  year = {1984},
  volume = {34},
  pages = {975--986},
  journal = {Journal of statistical physics},
  number = {5-6}
}

@article{Landi2018ComSta,
  title = {Complexity and Stability of Ecological Networks: A Review of the Theory},
  author = {Landi, Pietro and Minoarivelo, Henintsoa O. and Br{\"a}nnstr{\"o}m, {\AA}ke and Hui, Cang and Dieckmann, Ulf},
  year = {2018},
  volume = {60},
  pages = {319--345},
  issn = {1438-390X},
  doi = {10.1007/s10144-018-0628-3},
  journal = {Population Ecology},
  language = {en},
  number = {4}
}

@article{Martinez1992ConCon,
  ids = {Mart92},
  title = {Constant {{Connectance}} in {{Community Food Webs}}},
  author = {Martinez, Neo D.},
  year = {1992},
  volume = {139},
  pages = {1208--1218},
  publisher = {{[University of Chicago Press, American Society of Naturalists]}},
  issn = {0003-0147},
  journal = {The American Naturalist},
  number = {6}
}

@article{May1976SimMat,
  title = {Simple Mathematical Models with Very Complicated Dynamics},
  author = {May, Robert M.},
  year = {1976},
  volume = {261},
  pages = {459},
  issn = {1476-4687},
  doi = {10.1038/261459a0},
  journal = {Nature},
  language = {En},
  number = {5560}
}

@article{Maynard2018NetSpa,
  title = {Network Spandrels Reflect Ecological Assembly},
  author = {Maynard, Daniel S. and Serv{\'a}n, Carlos A. and Allesina, Stefano},
  year = {2018},
  pages = {n/a-n/a},
  issn = {1461-0248},
  doi = {10.1111/ele.12912},
  journal = {Ecology Letters},
  language = {en}
}

@article{Memmott2004TolPol,
  title = {Tolerance of Pollination Networks to Species Extinctions},
  author = {Memmott, J. and Waser, N. M. and Price, M. V.},
  year = {2004},
  volume = {271},
  pages = {2605--2611},
  publisher = {{The Royal Society}},
  issn = {0962-8452, 1471-2954},
  doi = {10.1098/rspb.2004.2909},
  journal = {Proceedings of the Royal Society B: Biological Sciences},
  language = {en},
  number = {1557}
}

@book{Newman2010NetInt,
  title = {Networks. {{An}} Introduction},
  author = {Newman, Mark E. J.},
  year = {2010},
  publisher = {{Oxford University Press}},
  address = {{New York, NY}}
}

@article{Park2004StaMec,
  title = {Statistical Mechanics of Networks},
  author = {Park, Juyong and Newman, M. E. J.},
  year = {2004},
  volume = {70},
  pages = {066117},
  publisher = {{American Physical Society}},
  doi = {10.1103/PhysRevE.70.066117},
  journal = {Physical Review E},
  number = {6}
}

@article{Passerini2011NeuEnt,
  title = {The von {{Neumann}} Entropy of Networks},
  author = {Passerini, Filippo and Severini, Simone},
  year = {2011},
  doi = {10.4018/978-1-60960-171-3.ch005},
  archivePrefix = {arXiv},
  eprint = {0812.2597},
  eprinttype = {arxiv},
  journal = {arXiv:0812.2597 [cond-mat, physics:quant-ph, q-bio]},
  primaryClass = {cond-mat, physics:quant-ph, q-bio}
}

@article{Phillips2011StrEco,
  title = {The Structure of Ecological State Transitions: {{Amplification}}, Synchronization, and Constraints in Responses to Environmental Change},
  author = {Phillips, Jonathan D.},
  year = {2011},
  volume = {8},
  pages = {336--346},
  issn = {1476-945X},
  doi = {10.1016/j.ecocom.2011.07.004},
  journal = {Ecological Complexity},
  language = {en},
  number = {4},
  series = {Special {{Section}}: {{Complexity}} of {{Coupled Human}} and {{Natural Systems}}}
}

@book{Pielou1975EcoDiv,
  title = {Ecological Diversity},
  author = {Pielou, E. C.},
  year = {1975},
  publisher = {{Wiley}},
  address = {{New York}},
  isbn = {978-0-471-68925-6},
  lccn = {QH541.15.M3 P53}
}

@article{Poisot2014WheEco,
  ids = {pois14wen},
  title = {When Is an Ecological Network Complex? {{Connectance}} Drives Degree Distribution and Emerging Network Properties},
  author = {Poisot, Timoth{\'e}e and Gravel, Dominique},
  year = {2014},
  volume = {2},
  pages = {e251},
  issn = {2167-8359},
  doi = {10.7717/peerj.251},
  journal = {PeerJ},
  language = {en}
}

@article{Poisot2019EcoJl,
  title = {{{EcologicalNetworks}}.Jl - Analysing Ecological Networks},
  author = {Poisot, Timoth{\'e}e and Belisle, Zacharie and Hoebeke, Laura and Stock, Michiel and Szefer, Piotr},
  year = {2019},
  doi = {10.1111/ecog.04310},
  journal = {Ecography},
  language = {eng}
}

@article{Poulin2010NetAna,
  title = {Network Analysis Shining Light on Parasite Ecology and Diversity},
  author = {Poulin, Robert},
  year = {2010},
  volume = {26},
  pages = {492--498},
  doi = {10.1016/j.pt.2010.05.008},
  journal = {Trends in Parasitology},
  number = {10}
}

@article{Proulx2005NetThi,
  title = {Network Thinking in Ecology and Evolution},
  author = {Proulx, Stephen R. and Promislow, Daniel E. L. and Phillips, Patrick C.},
  year = {2005},
  volume = {20},
  pages = {345--353},
  issn = {0169-5347},
  doi = {10.1016/j.tree.2005.04.004},
  journal = {Trends in Ecology \& Evolution},
  language = {English},
  number = {6}
}

@article{Rozdilsky2001ComCan,
  title = {Complexity Can Enhance Stability in Competitive Systems},
  author = {Rozdilsky, Ian D. and Stone, Lewi},
  year = {2001},
  volume = {4},
  pages = {397--400},
  issn = {1461-0248},
  doi = {10.1046/j.1461-0248.2001.00249.x},
  journal = {Ecology Letters},
  language = {en},
  number = {5}
}

@article{Saravia2018EcoNet,
  title = {Ecological {{Network}} Assembly: How the Regional Meta Web Influence Local Food Webs},
  author = {Saravia, Leonardo A. and Marina, Tomas Ignacio and Troch, Marleen De and Momo, Fernando R.},
  year = {2018},
  pages = {340430},
  doi = {10.1101/340430},
  journal = {bioRxiv},
  language = {en}
}

@article{Shannon1948MatThe,
  title = {A Mathematical Theory of Communication},
  author = {Shannon, C. E.},
  year = {1948},
  volume = {27},
  pages = {379--423},
  issn = {0005-8580},
  doi = {10.1002/j.1538-7305.1948.tb01338.x},
  journal = {The Bell System Technical Journal},
  number = {3}
}

@article{Staniczenko2013GhoNes,
  ids = {StanKopp13a},
  title = {The Ghost of Nestedness in Ecological Networks},
  author = {Staniczenko, Phillip P. A. and Kopp, Jason C. and Allesina, Stefano},
  year = {2013},
  volume = {4},
  pages = {1391},
  issn = {2041-1723},
  doi = {10.1038/ncomms2422},
  journal = {Nature Communications},
  language = {en},
  number = {1}
}

@article{Ulrich2009ConSG,
  title = {A Consumer's Guide to Nestedness Analysis},
  author = {Ulrich, Werner and {Almeida-Neto}, M{\'a}rio and Gotelli, Nicholas J.},
  year = {2009},
  volume = {118},
  pages = {3--17},
  journal = {Oikos},
  number = {1}
}

@article{Valverde2018ArcMut,
  title = {The Architecture of Mutualistic Networks as an Evolutionary Spandrel},
  author = {Valverde, Sergi and Pi{\~n}ero, Jordi and {Corominas-Murtra}, Bernat and Montoya, Jose and Joppa, Lucas and Sol{\'e}, Ricard},
  year = {2018},
  volume = {2},
  pages = {94},
  issn = {2397-334X},
  doi = {10.1038/s41559-017-0383-4},
  journal = {Nature Ecology \& Evolution},
  language = {En},
  number = {1}
}


