@article{Barbujani1989DetReg,
  title = {Detecting {{Regions}} of {{Abrupt Change}} in {{Maps}} of {{Biological Variables}}},
  author = {Barbujani, Guido and Oden, Neal L. and Sokal, Robert R.},
  year = {1989},
  journal = {Systematic Zoology},
  volume = {38},
  number = {4},
  eprint = {2992403},
  eprinttype = {jstor},
  pages = {376--389},
  publisher = {{[Oxford University Press, Society of Systematic Biologists, Taylor \& Francis, Ltd.]}},
  issn = {0039-7989},
  doi = {10.2307/2992403}
}

@article{Bezanson2017JulFre,
  title = {Julia: {{A Fresh Approach}} to {{Numerical Computing}}},
  author = {Bezanson, Jeff and Edelman, Alan and Karpinski, Stefan and Shah, Viral B.},
  year = {2017-01-01},
  journal = {SIAM Review},
  volume = {59},
  number = {1},
  pages = {65--98},
  issn = {0036-1445},
  doi = {10.1137/141000671}
}

@article{Bull2013EnvCom,
  title = {Environmental {{Complexity}} and {{Biodiversity}}: {{The Multi-Layered Evolutionary History}} of a {{Log-Dwelling Velvet Worm}} in {{Montane Temperate Australia}}},
  author = {Bull, James K. and Sands, Chester J. and Garrick, Ryan C. and Gardner, Michael G. and Tait, Noel N. and Briscoe, David A. and Rowell, David M. and Sunnucks, Paul},
  year = {2013-12-17},
  journal = {PLOS ONE},
  volume = {8},
  number = {12},
  pages = {e84559},
  publisher = {{Public Library of Science}},
  issn = {1932-6203},
  doi = {10.1371/journal.pone.0084559},
  langid = {english}
}

@article{Cadenasso2003FraThe,
  title = {A {{Framework}} for a {{Theory}} of {{Ecological Boundaries}}},
  author = {Cadenasso, Mary L. and Pickett, Steward T. A. and Weathers, Kathleen C. and Jones, Clive G.},
  year = {2003-08-01},
  journal = {BioScience},
  volume = {53},
  number = {8},
  pages = {750--758},
  issn = {0006-3568},
  doi = {10.1641/0006-3568(2003)053[0750:AFFATO]2.0.CO;2}
}

@article{Camarero2000BouDet,
  title = {Boundary {{Detection}} in {{Altitudinal Treeline Ecotones}} in the {{Spanish Central Pyrenees}}},
  author = {Camarero, J. Julio and Guti\'errez, Emilia and Fortin, Marie-Jos\'ee},
  year = {2000-05},
  journal = {Arctic, Antarctic, and Alpine Research},
  volume = {32},
  number = {2},
  pages = {117--126},
  issn = {1523-0430, 1938-4246},
  doi = {10.1080/15230430.2000.12003347},
  langid = {english}
}

@article{Dansereau2021SimJl,
  title = {{{SimpleSDMLayers}}.Jl and {{GBIF}}.Jl: {{A Framework}} for {{Species Distribution Modeling}} in {{Julia}}},
  author = {Dansereau, Gabriel and Poisot, Timoth\'ee},
  year = {2021-01-27},
  journal = {Journal of Open Source Software},
  volume = {6},
  number = {57},
  pages = {2872},
  issn = {2475-9066},
  doi = {10.21105/joss.02872},
  langid = {english}
}

@article{Davis2018BouGro,
  title = {Boundaries in Ground Beetle ({{Coleoptera}}: {{Carabidae}}) and Environmental Variables at the Edges of Forest Patches with Residential Developments},
  author = {Davis, Doreen E. and Gagn\'e, Sara A.},
  year = {2018-01-08},
  journal = {PeerJ},
  volume = {6},
  pages = {e4226},
  publisher = {{PeerJ Inc.}},
  issn = {2167-8359},
  doi = {10.7717/peerj.4226},
  langid = {english}
}

@article{Delaunay1934SphVid,
  title = {Sur La Sphere Vide},
  author = {Delaunay, Boris},
  year = {1934},
  journal = {Bulletin de l'Acad\'emie des Sciences de l'URSS. Classe des sciences math\'ematiques},
  volume = {6},
  pages = {793--800}
}

@article{Dray2012ComEco,
  title = {Community Ecology in the Age of Multivariate Multiscale Spatial Analysis},
  author = {Dray, St\'ephane and P\'elissier, Rapha\"el and Couteron, Pierre and Fortin, Marie-Jos\'ee and Legendre, Pierre and Peres-Neto, Pedro and Bellier, E. and Bivand, R. and Blanchet, F. Guillaume and De C\'aceres, M. and Dufour, A.-B. and Heegaard, E. and Jombart, T. and Munoz, F. and Oksanen, J. and Thioulouse, J. and Wagner, H. H.},
  year = {2012},
  journal = {Ecological Monographs},
  volume = {82},
  number = {3},
  pages = {257--275},
  issn = {1557-7015},
  doi = {10.1890/11-1183.1},
  langid = {english}
}

@article{Fitzpatrick2010EcoBou,
  title = {Ecological Boundary Detection Using {{Bayesian}} Areal Wombling},
  author = {Fitzpatrick, Matthew C. and Preisser, Evan L. and Porter, Adam and Elkinton, Joseph and Waller, Lance A. and Carlin, Bradley P. and Ellison, Aaron M.},
  year = {2010},
  journal = {Ecology},
  volume = {91},
  number = {12},
  pages = {3448--3455},
  issn = {1939-9170},
  doi = {10.1890/10-0807.1},
  langid = {english}
}

@thesis{Fortin1992DetEco,
  type = {phdthesis},
  title = {Detection of Ecotones: {{Definition}} and Scaling Factors},
  author = {Fortin, Marie-Jos\'ee},
  year = {1992},
  institution = {{State University of New York at Stony Brook}},
  location = {{United States -- New York}},
  isbn = {9798208478486},
  langid = {english},
  pagetotal = {293}
}

@article{Fortin1994EdgDet,
  title = {Edge {{Detection Algorithms}} for {{Two-Dimensional Ecological Data}}},
  author = {Fortin, Marie-Jos\'ee},
  year = {1994},
  journal = {Ecology},
  volume = {75},
  number = {4},
  eprint = {1939419},
  eprinttype = {jstor},
  pages = {956--965},
  publisher = {{Ecological Society of America}},
  issn = {0012-9658},
  doi = {10.2307/1939419}
}

@article{Fortin1995DelEco,
  title = {Delineation of {{Ecological Boundaries}}: {{Comparison}} of {{Approaches}} and {{Significance Tests}}},
  author = {Fortin, Marie-Jos\'ee and Drapeau, Pierre},
  year = {1995},
  journal = {Oikos},
  volume = {72},
  number = {3},
  eprint = {3546117},
  eprinttype = {jstor},
  pages = {323--332},
  publisher = {{[Nordic Society Oikos, Wiley]}},
  issn = {0030-1299},
  doi = {10.2307/3546117}
}

@article{Fortin1996QuaSpa,
  title = {Quantification of the {{Spatial Co-Occurrences}} of {{Ecological Boundaries}}},
  author = {Fortin, Marie-Jos\'ee and Drapeau, Pierre and Jacquez, Geoffrey M.},
  year = {1996},
  journal = {Oikos},
  volume = {77},
  number = {1},
  eprint = {3545584},
  eprinttype = {jstor},
  pages = {51--60},
  publisher = {{[Nordic Society Oikos, Wiley]}},
  issn = {0030-1299},
  doi = {10.2307/3545584}
}

@article{Fortin1997EffDat,
  title = {Effects of Data Types on Vegetation Boundary Delineation},
  author = {Fortin, Marie-Jos\'ee},
  year = {1997-11},
  journal = {Canadian Journal of Forest Research},
  volume = {27},
  number = {11},
  pages = {1851--1858},
  publisher = {{NRC Research Press}},
  issn = {0045-5067},
  doi = {10.1139/x97-156}
}

@article{Fortin2000IssRel,
  title = {Issues Related to the Detection of Boundaries},
  author = {Fortin, Marie-Jos\'ee and Olsen, R.J. and Ferson, S and Iverson, L and Hunsaker, C and Edwards, G and Levine, D and Butera, K and Klemas, V},
  year = {2000},
  journal = {Landscape Ecology},
  volume = {15},
  pages = {453--466},
  langid = {english}
}

@book{Fortin2005SpaAna,
  title = {Spatial Analysis: A Guide for Ecologists},
  author = {Fortin, Marie-Jos\'ee and Dale, Mark R. T},
  year = {2005},
  publisher = {{Cambridge University Press}},
  location = {{Cambridge, N.Y.}},
  isbn = {9780511111358 9780511111020 9780511542039 9781280415159 9780521804349 9780511324017 9781107085633 9781107131033 9786610415151 9780511197932 9780511181313},
  langid = {english}
}

@article{Fortin2021NetEco,
  title = {Network Ecology in Dynamic Landscapes},
  author = {Fortin, Marie-Jos\'ee and Dale, Mark R. T. and Brimacombe, Chris},
  year = {2021-04-28},
  journal = {Proceedings of the Royal Society B: Biological Sciences},
  volume = {288},
  number = {1949},
  pages = {rspb.2020.1889, 20201889},
  issn = {0962-8452, 1471-2954},
  doi = {10.1098/rspb.2020.1889},
  langid = {english}
}

@article{Garrick2008FinPhy,
  title = {Fine-{{Scale Phylogeographic Congruence Despite Demographic Incongruence}} in {{Two Low-Mobility Saproxylic Springtails}}},
  author = {Garrick, Ryan C. and Rowell, David M. and Simmons, Chris S. and Hillis, David M. and Sunnucks, Paul},
  year = {2008},
  journal = {Evolution},
  volume = {62},
  number = {5},
  pages = {1103--1118},
  issn = {1558-5646},
  doi = {10.1111/j.1558-5646.2008.00349.x},
  langid = {english}
}

@article{Gaudart2015SpoPac,
  title = {{{SPODT}}: {{An R Package}} to {{Perform Spatial Partitioning}}},
  author = {Gaudart, Jean and Graffeo, Nathalie and Coulibaly, Drissa and Barbet, Guillaume and Rebaudet, Stanilas and Dessay, Nadine and Doumbo, Ogobara K. and Giorgi, Roch},
  year = {2015-02-16},
  journal = {Journal of Statistical Software},
  volume = {63},
  pages = {1--23},
  issn = {1548-7660},
  doi = {10.18637/jss.v063.i16},
  langid = {english}
}

@article{Gelfand2015BayWom,
  title = {Bayesian Wombling: Finding Rapid Change in Spatial Maps},
  author = {Gelfand, Alan E. and Banerjee, Sudipto},
  year = {2015},
  journal = {WIREs Computational Statistics},
  volume = {7},
  number = {5},
  pages = {307--315},
  issn = {1939-0068},
  doi = {10.1002/wics.1360},
  langid = {english}
}

@article{Matchev2020FinWom,
  title = {Finding Wombling Boundaries in {{LHC}} Data with {{Voronoi}} and {{Delaunay}} Tessellations},
  author = {Matchev, Konstantin T. and Roman, Alexander and Shyamsundar, Prasanth},
  year = {2020-12-21},
  journal = {Journal of High Energy Physics},
  volume = {2020},
  number = {12},
  pages = {137},
  issn = {1029-8479},
  doi = {10.1007/JHEP12(2020)137},
  langid = {english}
}

@article{Oden1993CatWom,
  title = {Categorical {{Wombling}}: {{Detecting Regions}} of {{Significant Change}} in {{Spatially Located Categorical Variables}}},
  author = {Oden, Neal L. and Sokal, Robert R. and Fortin, Marie-Jos\'ee and Goebl, Hans},
  year = {1993},
  journal = {Geographical Analysis},
  volume = {25},
  number = {4},
  pages = {315--336},
  issn = {1538-4632},
  doi = {10.1111/j.1538-4632.1993.tb00301.x},
  langid = {english}
}

@article{Philibert2008SpaStr,
  title = {Spatial Structure Effects on the Detection of Patches Boundaries Using Local Operators},
  author = {Philibert, Mathieu D. and Fortin, Marie-Jos\'ee and Csillag, Ferenc},
  year = {2008},
  journal = {Environmental and Ecological Statistics},
  volume = {15},
  number = {4},
  pages = {447--467},
  issn = {1352-8505, 1573-3009},
  doi = {10.1007/s10651-007-0061-9},
  langid = {english}
}

@article{Post2007ProBou,
  title = {The Problem of Boundaries in Defining Ecosystems: {{A}} Potential Landmine for Uniting Geomorphology and Ecology},
  author = {Post, David M. and Doyle, Martin W. and Sabo, John L. and Finlay, Jacques C.},
  year = {2007-09},
  journal = {Geomorphology},
  volume = {89},
  number = {1-2},
  pages = {111--126},
  issn = {0169555X},
  doi = {10.1016/j.geomorph.2006.07.014},
  langid = {english}
}

@article{Shea2021IdeEco,
  title = {Identifying Ecotone Location Using the Co-Occurrence Property},
  author = {Shea, Monika E. and Clayton, Murray K. and Townsend, Philip A. and Berg, Stephen and Elza, Hayden and Mladenoff, David J.},
  year = {2021},
  journal = {Journal of Vegetation Science},
  volume = {32},
  number = {1},
  pages = {e12929},
  issn = {1654-1103},
  doi = {10.1111/jvs.12929},
  langid = {english}
}

@article{Sokal1990GenLan,
  title = {Genetics and {{Language}} in {{European Populations}}},
  author = {Sokal, Robert R. and Oden, Neal L. and Legendre, Pierre and Fortin, Marie-Josee and Kim, Junhyong and Thomson, Barbara A. and Vaudor, Alain and Harding, Rosalind M. and Barbujani, Guido},
  year = {1990},
  journal = {The American Naturalist},
  volume = {135},
  number = {2},
  eprint = {2462236},
  eprinttype = {jstor},
  pages = {157--175},
  publisher = {{[University of Chicago Press, American Society of Naturalists]}},
  issn = {0003-0147}
}

@article{Tuanmu2014Glo1km,
  title = {A Global 1-Km Consensus Land-Cover Product for Biodiversity and Ecosystem Modelling},
  author = {Tuanmu, Mao-Ning and Jetz, Walter},
  year = {2014},
  journal = {Global Ecology and Biogeography},
  volume = {23},
  number = {9},
  pages = {1031--1045},
  issn = {1466-8238},
  doi = {10.1111/geb.12182},
  langid = {english}
}

@article{Womble1951DifSys,
  title = {Differential {{Systematics}}},
  author = {Womble, William H.},
  year = {1951},
  journal = {Science},
  volume = {114},
  number = {2961},
  eprint = {14883851},
  eprinttype = {pmid},
  pages = {315--322},
  publisher = {{American Association for the Advancement of Science}},
  issn = {0036-8075, 1095-9203},
  doi = {10.1126/science.114.2961.315},
  langid = {english}
}
