@article{Adami2002WhaCom,
  title = {What Is Complexity?},
  author = {Adami, Christoph},
  date = {2002},
  journal = {BioEssays},
  volume = {24},
  number = {12},
  pages = {1085--1094},
  issn = {1521-1878},
  doi = {10.1002/bies.10192},
  langid = {english}
}

@article{Albouy2019MarFis,
  title = {The Marine Fish Food Web Is Globally Connected},
  author = {Albouy, Camille and Archambault, Philippe and Appeltans, Ward and Ara\'ujo, Miguel B. and Beauchesne, David and Cazelles, Kevin and Cirtwill, Alyssa R. and Fortin, Marie-Jos\'ee and Galiana, Nuria and Leroux, Shawn J. and Pellissier, Lo\"ic and Poisot, Timoth\'ee and Stouffer, Daniel B. and Wood, Spencer A. and Gravel, Dominique},
  date = {2019-08},
  journal = {Nature Ecology \& Evolution},
  volume = {3},
  number = {8},
  pages = {1153--1161},
  publisher = {{Nature Publishing Group}},
  issn = {2397-334X},
  doi = {10.1038/s41559-019-0950-y},
  issue = {8},
  langid = {english}
}

@article{Albrecht2018PlaAni,
  title = {Plant and Animal Functional Diversity Drive Mutualistic Network Assembly across an Elevational Gradient},
  author = {Albrecht, J\"org and Classen, Alice and Vollst\"adt, Maximilian G. R. and Mayr, Antonia and Mollel, Neduvoto P. and Schellenberger Costa, David and Dulle, Hamadi I. and Fischer, Markus and Hemp, Andreas and Howell, Kim M. and Kleyer, Michael and Nauss, Thomas and Peters, Marcell K. and Tschapka, Marco and Steffan-Dewenter, Ingolf and B\"ohning-Gaese, Katrin and Schleuning, Matthias},
  date = {2018-08-09},
  journal = {Nature Communications},
  volume = {9},
  number = {1},
  pages = {3177},
  issn = {2041-1723},
  doi = {10.1038/s41467-018-05610-w},
  langid = {english}
}

@article{Baiser2019Ecogeographical,
  title = {Ecogeographical Rules and the Macroecology of Food Webs},
  author = {Baiser, Benjamin and Gravel, Dominique and Cirtwill, Alyssa R. and Dunne, Jennifer A. and Fahimipour, Ashkaan K. and Gilarranz, Luis J. and Grochow, Joshua A. and Li, Daijiang and Martinez, Neo D. and McGrew, Alicia and Poisot, Timoth\'ee and Romanuk, Tamara N. and Stouffer, Daniel B. and Trotta, Lauren B. and Valdovinos, Fernanda S. and Williams, Richard J. and Wood, Spencer A. and Yeakel, Justin D.},
  date = {2019},
  journal = {Global Ecology and Biogeography},
  volume = {28},
  number = {9},
  pages = {1204--1218},
  issn = {1466-8238},
  doi = {10.1111/geb.12925},
  langid = {english}
}

@article{Banerjee2006BayWom,
  title = {Bayesian {{Wombling}}: {{Curvilinear Gradient Assessment Under Spatial Process Models}}},
  author = {Banerjee, Sudipto and Gelfand, Alan E.},
  date = {2006},
  journal = {Journal of the American Statistical Association},
  volume = {101},
  number = {476},
  eprint = {27639767},
  eprinttype = {jstor},
  pages = {1487--1501},
  publisher = {{[American Statistical Association, Taylor \& Francis, Ltd.]}},
  issn = {0162-1459}
}

@article{Banerjee2014FeaSel,
  ids = {Banerjee2014FeaSela},
  title = {Feature Selection with {{SVD}} Entropy: {{Some}} Modification and Extension},
  author = {Banerjee, Monami and Pal, Nikhil R.},
  date = {2014-04},
  journal = {Information Sciences},
  shortjournal = {Information Sciences},
  volume = {264},
  pages = {118--134},
  issn = {00200255},
  doi = {10.1016/j.ins.2013.12.029},
  langid = {english}
}

@article{Banville2021ManJl,
  title = {Mangal.Jl and {{EcologicalNetworks}}.Jl: {{Two}} Complementary Packages for Analyzing Ecological Networks in {{Julia}}},
  author = {Banville, Francis and Vissault, Steve and Poisot, Timoth\'ee},
  date = {2021-05-05},
  journal = {Journal of Open Source Software},
  shortjournal = {JOSS},
  volume = {6},
  number = {61},
  pages = {2721},
  issn = {2475-9066},
  doi = {10.21105/joss.02721},
  langid = {english}
}

@article{Banville2023What,
  title = {What Constrains Food Webs? {{A}} Maximum Entropy Framework for Predicting Their Structure with Minimal Biases},
  author = {Banville, Francis and Gravel, Dominique and Poisot, Timoth\'ee},
  date = {2023-09-05},
  journal = {PLOS Computational Biology},
  shortjournal = {PLOS Computational Biology},
  volume = {19},
  number = {9},
  pages = {e1011458},
  publisher = {{Public Library of Science}},
  issn = {1553-7358},
  doi = {10.1371/journal.pcbi.1011458},
  langid = {english}
}

@article{Barbier2018GenAss,
  title = {Generic Assembly Patterns in Complex Ecological Communities},
  author = {Barbier, Matthieu and Arnoldi, Jean-Fran\c{c}ois and Bunin, Guy and Loreau, Michel},
  date = {2018-02-13},
  journal = {Proceedings of the National Academy of Sciences},
  shortjournal = {PNAS},
  eprint = {29440487},
  eprinttype = {pmid},
  pages = {201710352},
  issn = {0027-8424, 1091-6490},
  doi = {10.1073/pnas.1710352115},
  langid = {english}
}

@article{Barbujani1989DetReg,
  title = {Detecting {{Regions}} of {{Abrupt Change}} in {{Maps}} of {{Biological Variables}}},
  author = {Barbujani, Guido and Oden, Neal L. and Sokal, Robert R.},
  date = {1989},
  journal = {Systematic Zoology},
  volume = {38},
  number = {4},
  eprint = {2992403},
  eprinttype = {jstor},
  pages = {376--389},
  publisher = {{[Oxford University Press, Society of Systematic Biologists, Taylor \& Francis, Ltd.]}},
  issn = {0039-7989},
  doi = {10.2307/2992403}
}

@article{Bartomeus2016ComFra,
  title = {A Common Framework for Identifying Linkage Rules across Different Types of Interactions},
  author = {Bartomeus, Ignasi and Gravel, Dominique and Tylianakis, Jason M. and Aizen, Marcelo A. and Dickie, Ian A. and Bernard-Verdier, Maud},
  date = {2016},
  journal = {Functional Ecology},
  volume = {30},
  number = {12},
  pages = {1894--1903},
  issn = {1365-2435},
  doi = {10.1111/1365-2435.12666},
  langid = {english}
}

@article{Bascompte2003NesAss,
  title = {The Nested Assembly of Plant-Animal Mutualistic Networks},
  author = {Bascompte, J. and Jordano, P. and Melian, C. J. and Olesen, J. M.},
  date = {2003-08-05},
  journal = {Proceedings of the National Academy of Sciences},
  shortjournal = {PNAS},
  volume = {100},
  number = {16},
  pages = {9383--9387},
  issn = {0027-8424, 1091-6490},
  doi = {10.1073/pnas.1633576100},
  langid = {english}
}

@article{Bascompte2007PlaMut,
  title = {Plant-{{Animal Mutualistic Networks}}: {{The Architecture}} of {{Biodiversity}}},
  author = {Bascompte, Jordi and Jordano, Pedro},
  date = {2007-12},
  journal = {Annual Review of Ecology, Evolution, and Systematics},
  volume = {38},
  number = {1},
  pages = {567--593},
  issn = {1543-592X, 1545-2069},
  doi = {10.1146/annurev.ecolsys.38.091206.095818},
  langid = {english}
}

@article{Bastolla2009ArcMut,
  title = {The Architecture of Mutualistic Networks Minimizes Competition and Increases Biodiversity},
  author = {Bastolla, Ugo and Fortuna, Miguel A. and Pascual-Garc\'ia, Alberto and Ferrera, Antonio and Luque, Bartolo and Bascompte, Jordi},
  date = {2009-04-23},
  journal = {Nature},
  volume = {458},
  number = {7241},
  pages = {1018--1020},
  publisher = {{Springer Nature}},
  issn = {0028-0836, 1476-4687},
  doi = {10.1038/nature07950}
}

@article{Beauchesne2016ThiOut,
  title = {Thinking Outside the Box - {{Predicting}} Biotic Interactions in Data-Poor Environments},
  author = {Beauchesne, David and Desjardins-Proulx, Philippe and Archambault, Philippe and Gravel, Dominique},
  date = {2016-12-01},
  journal = {Vie et Milieu},
  shortjournal = {Vie et Milieu},
  volume = {66},
  pages = {333--342}
}

@article{Becker2020PreWil,
  title = {Predicting Wildlife Hosts of Betacoronaviruses for {{SARS-CoV-2}} Sampling Prioritization},
  author = {Becker, Daniel J. and Albery, Gregory F. and Sjodin, Anna R. and Poisot, Timoth\'ee and Dallas, Tad A. and Eskew, Evan A. and Farrell, Maxwell J. and Guth, Sarah and Han, Barbara A. and Simmons, Nancy B. and Carlson, Colin J.},
  date = {2020-05-23},
  journal = {bioRxiv},
  pages = {2020.05.22.111344},
  publisher = {{Cold Spring Harbor Laboratory}},
  doi = {10.1101/2020.05.22.111344},
  langid = {english}
}

@article{Bennett2019PotPit,
  title = {Potentials and Pitfalls in the Analysis of Bipartite Networks to Understand Plant\textendash Microbe Interactions in Changing Environments},
  author = {Bennett, Alison E. and Evans, Darren M. and Powell, Jeff R.},
  date = {2019},
  journal = {Functional Ecology},
  volume = {33},
  number = {1},
  pages = {107--117},
  issn = {1365-2435},
  doi = {10.1111/1365-2435.13223},
  langid = {english}
}

@article{Bezanson2017JulFre,
  title = {Julia: {{A Fresh Approach}} to {{Numerical Computing}}},
  author = {Bezanson, J. and Edelman, A. and Karpinski, S. and Shah, V.},
  date = {2017-01-01},
  journal = {SIAM Review},
  shortjournal = {SIAM Rev.},
  volume = {59},
  number = {1},
  pages = {65--98},
  issn = {0036-1445},
  doi = {10.1137/141000671}
}

@article{Bolnick2011WhyInt,
  title = {Why Intraspecific Trait Variation Matters in Community Ecology},
  author = {Bolnick, Daniel I. and Amarasekare, Priyanga and Ara\'ujo, M\'arcio S. and B\"urger, Reinhard and Levine, Jonathan M. and Novak, Mark and Rudolf, Volker H.W. and Schreiber, Sebastian J. and Urban, Mark C. and Vasseur, David A.},
  date = {2011-04},
  journal = {Trends in Ecology \& Evolution},
  shortjournal = {Trends in Ecology \& Evolution},
  volume = {26},
  number = {4},
  pages = {183--192},
  issn = {01695347},
  doi = {10.1016/j.tree.2011.01.009},
  langid = {english}
}

@article{Borrelli2015SelIns,
  title = {Selection against Instability: Stable Subgraphs Are Most Frequent in Empirical Food Webs},
  author = {Borrelli, Jonathan J.},
  date = {2015-12},
  journal = {Oikos},
  volume = {124},
  number = {12},
  pages = {1583--1588},
  issn = {00301299},
  doi = {10.1111/oik.02176},
  langid = {english}
}

@article{Braga2021Phylogenetic,
  title = {Phylogenetic Reconstruction of Ancestral Ecological Networks through Time for Pierid Butterflies and Their Host Plants},
  author = {Braga, Mariana P. and Janz, Niklas and Nylin, S\"oren and Ronquist, Fredrik and Landis, Michael J.},
  date = {2021},
  journal = {Ecology Letters},
  volume = {14},
  number = {10},
  issn = {1461-0248},
  doi = {10.1111/ele.13842},
  langid = {english}
}

@article{BramonMora2018IdeCom,
  ids = {Mora2018IdeCom},
  title = {Identifying a Common Backbone of Interactions Underlying Food Webs from Different Ecosystems},
  author = {Bramon Mora, Bernat and Gravel, Dominique and Gilarranz, Luis J. and Poisot, Timoth\'ee and Stouffer, Daniel B.},
  date = {2018-12},
  journal = {Nature Communications},
  shortjournal = {Nat Commun},
  volume = {9},
  number = {1},
  pages = {2603},
  publisher = {{Nature Publishing Group}},
  location = {{London, United States}},
  issn = {2041-1723},
  doi = {10.1038/s41467-018-05056-0},
  langid = {english},
  pagetotal = {1-8}
}

@article{Brimacombe2023Shortcomings,
  title = {Shortcomings of Reusing Species Interaction Networks Created by Different Sets of Researchers},
  author = {Brimacombe, Chris and Bodner, Korryn and Michalska-Smith, Matthew and Poisot, Timoth\'ee and Fortin, Marie-Jos\'ee},
  date = {2023-04-03},
  journal = {PLOS Biology},
  shortjournal = {PLOS Biology},
  volume = {21},
  number = {4},
  pages = {e3002068},
  publisher = {{Public Library of Science}},
  issn = {1545-7885},
  doi = {10.1371/journal.pbio.3002068},
  langid = {english}
}

@article{Brose2004Unified,
  title = {Unified Spatial Scaling of Species and Their Trophic Interactions},
  author = {Brose, Ulrich and Ostling, Annette and Harrison, Kateri and Martinez, Neo D.},
  date = {2004-03},
  journal = {Nature},
  volume = {428},
  number = {6979},
  pages = {167--171},
  publisher = {{Nature Publishing Group}},
  issn = {1476-4687},
  doi = {10.1038/nature02297},
  issue = {6979},
  langid = {english}
}

@article{Brose2006AllSca,
  title = {Allometric Scaling Enhances Stability in Complex Food Webs},
  author = {Brose, Ulrich and Williams, Richard J. and Martinez, Neo D.},
  date = {2006-11-01},
  journal = {Ecology Letters},
  volume = {9},
  number = {11},
  pages = {1228--1236},
  issn = {1461-0248},
  doi = {10.1111/j.1461-0248.2006.00978.x},
  langid = {english}
}

@article{Cameron2019UneGlo,
  title = {Uneven Global Distribution of Food Web Studies under Climate Change},
  author = {Cameron, Erin K. and Sundqvist, Maja K. and Keith, Sally A. and CaraDonna, Paul J. and Mousing, Erik A. and Nilsson, Karin A. and Metcalfe, Daniel B. and Classen, Aim\'ee T.},
  date = {2019},
  journal = {Ecosphere},
  volume = {10},
  number = {3},
  pages = {e02645},
  issn = {2150-8925},
  doi = {10.1002/ecs2.2645},
  langid = {english}
}

@article{Caron2022Addressing,
  title = {Addressing the {{Eltonian}} Shortfall with Trait-Based Interaction Models},
  author = {Caron, Dominique and Maiorano, Luigi and Thuiller, Wilfried and Pollock, Laura J.},
  date = {2022},
  journal = {Ecology Letters},
  volume = {25},
  number = {4},
  pages = {889--899},
  issn = {1461-0248},
  doi = {10.1111/ele.13966},
  langid = {english}
}

@article{Caron2023Trophic,
  title = {Trophic Interaction Models Predict Interactions across Space, Not Food Webs},
  author = {Caron, Dominique and Brose, Ulrich and Lurgi, Miguel and Blanchet, Guillaume and Gravel, Dominique and Pollock, Laura J.},
  date = {2023-05-30},
  publisher = {{EcoEvoRxiv}},
  langid = {english}
}

@article{Catchen2023Improving,
  title = {Improving Ecological Connectivity Assessments with Transfer Learning and Function Approximation},
  author = {Catchen, Michael D. and Lin, Michelle and Poisot, Timoth\'ee and Rolnick, David and Gonzalez, Andrew},
  date = {2023-05-04},
  publisher = {{EcoEvoRxiv}},
  langid = {english}
}

@article{Catchen2023Missing,
  title = {The Missing Link: Discerning True from False Negatives When Sampling Species Interaction Networks},
  author = {Catchen, Michael D. and Poisot, Timoth\'ee and Pollock, Laura J. and Gonzalez, Andrew},
  date = {2023-01-18},
  publisher = {{EcoEvoRxiv}},
  langid = {english}
}

@article{Cazelles2016IntBio,
  title = {On the Integration of Biotic Interaction and Environmental Constraints at the Biogeographical Scale},
  author = {Cazelles, K\'evin and Mouquet, Nicolas and Mouillot, David and Gravel, Dominique},
  date = {2016},
  journal = {Ecography},
  volume = {39},
  number = {10},
  pages = {921--931},
  issn = {1600-0587},
  doi = {10.1111/ecog.01714},
  langid = {english}
}

@article{Chamberlain2014HowCon,
  title = {How Context Dependent Are Species Interactions?},
  author = {Chamberlain, Scott A. and Bronstein, Judith L. and Rudgers, Jennifer A.},
  date = {2014},
  journal = {Ecology Letters},
  volume = {17},
  number = {7},
  pages = {881--890},
  issn = {1461-0248},
  doi = {10.1111/ele.12279},
  langid = {english}
}

@article{Chalcraft2004ScaDep,
  title = {Scale {{Dependence}} in the {{Species}}-{{Richness}}\textendash{{Productivity Relationship}}: {{The Role}} of {{Species Turnover}}},
  author = {Chalcraft, David R. and Williams, John W. and Smith, Melinda D. and Willig, Michael R.},
  date = {2004},
  journal = {Ecology},
  volume = {85},
  number = {10},
  pages = {2701--2708},
  issn = {1939-9170},
  doi = {10.1890/03-0561},
  langid = {english}
}

@article{Chase2002SpaSca,
  title = {Spatial Scale Dictates the Productivity\textendash Biodiversity Relationship},
  author = {Chase, Jonathan M. and Leibold, Mathew A.},
  date = {2002-03},
  journal = {Nature},
  volume = {416},
  number = {6879},
  pages = {427--430},
  issn = {0028-0836, 1476-4687},
  doi = {10.1038/416427a},
  langid = {english}
}

@article{Cirtwill2019QuaFra,
  title = {A Quantitative Framework for Investigating the Reliability of Empirical Network Construction},
  author = {Cirtwill, Alyssa R. and Eklöf, Anna and Roslin, Tomas and Wootton, Kate and Gravel, Dominique},
  date = {2019},
  journal = {Methods in Ecology and Evolution},
  volume = {0},
  issn = {2041-210X},
  doi = {10.1111/2041-210X.13180},
  issue = {ja},
  langid = {english}
}

@incollection{Cuff2023Chapter,
  title = {Chapter {{One}} - {{A}} Roadmap for Biomonitoring in the 21st Century: {{Merging}} Methods into Metrics via Ecological Networks},
  booktitle = {Advances in {{Ecological Research}}},
  author = {Cuff, Jordan P. and Deivarajan Suresh, Mukilan and Dopson, Matthew E. G. and Hawthorne, Ben S. J. and Howells, Thomas and Kitson, James J. N. and Miller, Kyle A. and Xin, Tong and Evans, Darren M.},
  editor = {Bohan, David A. and Dumbrell, Alex J.},
  date = {2023-01-01},
  series = {Advances in {{Ecological Research}}: {{Roadmaps}}: {{Part A}}},
  volume = {68},
  pages = {1--34},
  publisher = {{Academic Press}},
  doi = {10.1016/bs.aecr.2023.09.002}
}

@article{Dale2010GraSpa,
  title = {From {{Graphs}} to {{Spatial Graphs}}},
  author = {Dale, M.R.T. and Fortin, M.-J.},
  date = {2010},
  journal = {Annual Review of Ecology, Evolution, and Systematics},
  volume = {41},
  eprint = {27896212},
  eprinttype = {jstor},
  pages = {21--38},
  publisher = {{Annual Reviews}},
  issn = {1543-592X}
}

@article{Dansereau2023Spatially,
  title = {Spatially Explicit Predictions of Food Web Structure from Regional Level Data},
  author = {Dansereau, Gabriel and Barros, Ceres and Poisot, Timoth\'ee},
  date = {2023-09-15},
  publisher = {{EcoEvoRxiv}},
  langid = {english}
}

@article{Dattilo2023Spatial,
  title = {Spatial {{Scaling Involving}} the {{Complexity}} of {{Biotic Interactions}}: {{Integrating Concepts}}, {{Current Status}}, and {{Future Perspectives}}},
  author = {D\'attilo, Wesley and Regolin, Andr\'e Luis and Baena-D\'iaz, Fernanda and Boscolo, Danilo},
  date = {2023-07-22},
  journal = {Current Landscape Ecology Reports},
  shortjournal = {Curr Landscape Ecol Rep},
  issn = {2364-494X},
  doi = {10.1007/s40823-023-00090-1},
  langid = {english}
}

@article{Davies2021EcoRed,
  title = {Ecophylogenetics Redux},
  author = {Davies, T. Jonathan},
  date = {2021},
  journal = {Ecology Letters},
  volume = {24},
  issn = {1461-0248},
  doi = {10.1111/ele.13682},
  langid = {english}
}

@article{deAguiar2019RevBia,
  title = {Revealing Biases in the Sampling of Ecological Interaction Networks},
  author = {de Aguiar, Marcus A.M. and Newman, Erica A. and Pires, Mathias M. and Yeakel, Justin D. and Boettiger, Carl and Burkle, Laura A. and Gravel, Dominique and Guimar\~aes, Paulo R. and O'Donnell, James L. and Poisot, Timoth\'ee and Fortin, Marie-Jos\'ee and Hembry, David H.},
  options = {useprefix=true},
  date = {2019-09-02},
  journal = {PeerJ},
  volume = {7},
  pages = {e7566},
  issn = {2167-8359},
  doi = {10.7717/peerj.7566},
  langid = {english}
}

@article{Delaunay1934SphVid,
  title = {Sur La Sphere Vide},
  author = {Delaunay, B},
  date = {1934},
  journal = {Bulletin de l'Acad\'emie des Sciences de l'URSS. Classe des sciences math\'ematiques},
  volume = {6},
  pages = {793--800}
}

@article{Delmas2019AnaEco,
  title = {Analysing Ecological Networks of Species Interactions},
  author = {Delmas, Eva and Besson, Mathilde and Brice, Marie-H\'el\`ene and Burkle, Laura A. and Riva, Giulio V. Dalla and Fortin, Marie-Jos\'ee and Gravel, Dominique and Guimar\~aes, Paulo R. and Hembry, David H. and Newman, Erica A. and Olesen, Jens M. and Pires, Mathias M. and Yeakel, Justin D. and Poisot, Timoth\'ee},
  date = {2019},
  journal = {Biological Reviews},
  volume = {94},
  number = {1},
  pages = {16--36},
  issn = {1469-185X},
  doi = {10.1111/brv.12433},
  langid = {english}
}

@article{Desjardins-Proulx2019ArtInt,
  title = {Artificial {{Intelligence}} for {{Ecological}} and {{Evolutionary Synthesis}}},
  author = {Desjardins-Proulx, Philippe and Poisot, Timoth\'ee and Gravel, Dominique},
  date = {2019},
  journal = {Frontiers in Ecology and Evolution},
  shortjournal = {Front. Ecol. Evol.},
  volume = {7},
  publisher = {{Frontiers}},
  issn = {2296-701X},
  doi = {10.3389/fevo.2019.00402},
  langid = {english}
}

@article{Dominique2019BriElt,
  ids = {Gravel2019BriElt},
  title = {Bringing {{Elton}} and {{Grinnell}} Together: A Quantitative Framework to Represent the Biogeography of Ecological Interaction Networks},
  author = {Dominique, Gravel and Benjamin, Baiser and Jennifer A., Dunne and Jens-Peter, Kopelke and N., Martinez and Tommi, Nyman and Timoth\'ee, Poisot and Daniel B., Stouffer and Jason M., Tylianakis and Spencer A., Wood and Tomas, Roslin},
  date = {2019}
}

@article{Dormann2017IdeCau,
  title = {Identifying {{Causes}} of {{Patterns}} in {{Ecological Networks}}: {{Opportunities}} and {{Limitations}}},
  author = {Dormann, Carsten F. and Fr\"und, Jochen and Schaefer, H. Martin},
  date = {2017-11-02},
  journal = {Annual Review of Ecology, Evolution, and Systematics},
  shortjournal = {Annu. Rev. Ecol. Evol. Syst.},
  volume = {48},
  number = {1},
  pages = {559--584},
  publisher = {{Annual Reviews}},
  issn = {1543-592X},
  doi = {10.1146/annurev-ecolsys-110316-022928}
}

@article{Du2010NotNeu,
  title = {A Note on the von {{Neumann}} Entropy of Random Graphs},
  author = {Du, Wenxue and Li, Xueliang and Li, Yiyang and Severini, Simone},
  date = {2010-12-30},
  journal = {Linear Algebra and its Applications},
  shortjournal = {Linear Algebra and its Applications},
  volume = {433},
  number = {11},
  pages = {1722--1725},
  issn = {0024-3795},
  doi = {10.1016/j.laa.2010.06.040},
  langid = {english}
}

@article{Duffy2007FunRol,
  title = {The Functional Role of Biodiversity in Ecosystems: Incorporating Trophic Complexity},
  author = {Duffy, J. Emmett and Cardinale, Bradley J. and France, Kristin E. and McIntyre, Peter B. and Th\'ebault, Elisa and Loreau, Michel},
  date = {2007-06-01},
  journal = {Ecology Letters},
  volume = {10},
  number = {6},
  pages = {522--538},
  issn = {1461-0248},
  doi = {10.1111/j.1461-0248.2007.01037.x},
  langid = {english}
}

@article{Dunne2002NetStr,
  ids = {Dunne2002NetStra},
  title = {Network Structure and Biodiversity Loss in Food Webs: Robustness Increases with Connectance},
  author = {Dunne, Jennifer A. and Williams, Richard J. and Martinez, Neo D.},
  date = {2002},
  journal = {Ecology Letters},
  volume = {5},
  number = {4},
  pages = {558--567},
  issn = {1461-0248},
  doi = {10.1046/j.1461-0248.2002.00354.x},
  langid = {english}
}

@article{Eckart1936AppOne,
  title = {The Approximation of One Matrix by Another of Lower Rank},
  author = {Eckart, Carl and Young, Gale},
  date = {1936-09-01},
  journal = {Psychometrika},
  shortjournal = {Psychometrika},
  volume = {1},
  number = {3},
  pages = {211--218},
  issn = {1860-0980},
  doi = {10.1007/BF02288367},
  langid = {english}
}

@article{Elmasri2020HieBay,
  title = {A Hierarchical {{Bayesian}} Model for Predicting Ecological Interactions Using Scaled Evolutionary Relationships},
  author = {Elmasri, Mohamad and Farrell, Maxwell J. and Davies, T. Jonathan and Stephens, David A.},
  date = {2020-03},
  journal = {The Annals of Applied Statistics},
  shortjournal = {Ann. Appl. Stat.},
  volume = {14},
  number = {1},
  pages = {221--240},
  issn = {1932-6157},
  doi = {10.1214/19-AOAS1296},
  langid = {english}
}

@article{Estay2023Editorial,
  title = {Editorial: {{Patterns}} and Processes in Ecological Networks over Space},
  author = {Estay, Sergio A. and Fortin, Marie-Jos\'ee and L\'opez, Daniela N.},
  date = {2023},
  journal = {Frontiers in Ecology and Evolution},
  volume = {11},
  issn = {2296-701X}
}

@article{Feng2015HetEco,
  title = {Heterogeneity in Ecological Mutualistic Networks Dominantly Determines Community Stability},
  author = {Feng, Wenfeng and Takemoto, Kazuhiro},
  date = {2015-05},
  journal = {Scientific Reports},
  shortjournal = {Sci Rep},
  volume = {4},
  number = {1},
  pages = {5912},
  issn = {2045-2322},
  doi = {10.1038/srep05912},
  langid = {english}
}

@article{Fitzpatrick2010EcoBoua,
  ids = {Fitzpatrick2010EcoBou},
  title = {Ecological Boundary Detection Using {{Bayesian}} Areal Wombling},
  author = {Fitzpatrick, Matthew C. and Preisser, Evan L. and Porter, Adam and Elkinton, Joseph and Waller, Lance A. and Carlin, Bradley P. and Ellison, Aaron M.},
  date = {2010},
  journal = {Ecology},
  volume = {91},
  number = {12},
  pages = {3448--3455},
  issn = {1939-9170},
  doi = {10.1890/10-0807.1},
  langid = {english}
}

@article{Fontaine2011EcoEvo,
  title = {The Ecological and Evolutionary Implications of Merging Different Types of Networks},
  author = {Fontaine, Colin and Guimar\~aes, Paulo R. and K\'efi, Sonia and Loeuille, Nicolas and Memmott, Jane and van der Putten, Wim H. and van Veen, Frank J. F. and Th\'ebault, Elisa},
  date = {2011},
  journal = {Ecology Letters},
  volume = {14},
  number = {11},
  pages = {1170--1181},
  issn = {1461-0248},
  doi = {10.1111/j.1461-0248.2011.01688.x},
  langid = {english}
}

@book{Forsythe1967ComSol,
  title = {Computer {{Solution}} of {{Linear Algebraic Systems}}},
  author = {Forsythe, George and Moler, Cleve},
  date = {1967},
  publisher = {{Prentice Hall}},
  location = {{Englewood Cliffs, New Jersey}}
}

@article{Fortin1995DelEco,
  title = {Delineation of {{Ecological Boundaries}}: {{Comparison}} of {{Approaches}} and {{Significance Tests}}},
  author = {Fortin, Marie-Jos\'ee and Drapeau, Pierre},
  date = {1995},
  journal = {Oikos},
  volume = {72},
  number = {3},
  eprint = {3546117},
  eprinttype = {jstor},
  pages = {323--332},
  publisher = {{[Nordic Society Oikos, Wiley]}},
  issn = {0030-1299},
  doi = {10.2307/3546117}
}

@book{Fortin2005SpaAna,
  title = {Spatial Analysis: A Guide for Ecologists},
  author = {Fortin, Marie-Jos\'ee and Dale, Mark R. T},
  date = {2005},
  publisher = {{Cambridge University Press}},
  location = {{Cambridge, N.Y.}},
  isbn = {9780511111358 9780511111020 9780511542039 9781280415159 9780521804349 9780511324017 9781107085633 9781107131033 9786610415151 9780511197932 9780511181313},
  langid = {english}
}

@article{Fortin2021NetEcoa,
  ids = {Fortin2021NetEco},
  title = {Network Ecology in Dynamic Landscapes},
  author = {Fortin, Marie-Jos\'ee and Dale, Mark R. T. and Brimacombe, Chris},
  date = {2021-04-28},
  journal = {Proceedings of the Royal Society B: Biological Sciences},
  shortjournal = {Proc. R. Soc. B.},
  volume = {288},
  number = {1949},
  pages = {rspb.2020.1889, 20201889},
  issn = {0962-8452, 1471-2954},
  doi = {10.1098/rspb.2020.1889},
  langid = {english}
}

@article{Fortuna2006HabLos,
  ids = {FortBasc06},
  title = {Habitat Loss and the Structure of Plant-Animal Mutualistic Networks: {{Mutualistic}} Networks and Habitat Loss},
  author = {Fortuna, Miguel A. and Bascompte, Jordi},
  date = {2006-03},
  journal = {Ecology Letters},
  volume = {9},
  number = {3},
  pages = {281--286},
  issn = {1461023X},
  doi = {10.1111/j.1461-0248.2005.00868.x},
  langid = {english}
}

@article{Gillman2006InfPro,
  title = {The {{Influence}} of {{Productivity}} on the {{Species Richness}} of {{Plants}}: {{A Critical Assessment}}},
  author = {Gillman, Len N. and Wright, Shane D.},
  date = {2006},
  journal = {Ecology},
  volume = {87},
  number = {5},
  pages = {1234--1243},
  issn = {1939-9170},
  doi = {10.1890/0012-9658(2006)87[1234:TIOPOT]2.0.CO;2},
  langid = {english}
}

@article{Ginebreda2019QuaEco,
  ids = {Ginebreda2019QuaEcoa},
  title = {Quantification of Ecological Complexity and Resilience from Multivariate Biological Metrics Datasets Using Singular Value Decomposition Entropy},
  author = {Ginebreda, Antoni and Sabater-Liesa, Laia and Barcel\'o, Dami\`a},
  date = {2019-07-19},
  journal = {MethodsX},
  shortjournal = {MethodsX},
  volume = {6},
  eprint = {31384567},
  eprinttype = {pmid},
  pages = {1668--1676},
  issn = {2215-0161},
  doi = {10.1016/j.mex.2019.07.020},
  pmcid = {PMC6664095}
}

@incollection{Golub1971SinVal,
  title = {Singular Value Decomposition and Least Squares Solutions},
  booktitle = {Linear {{Algebra}}},
  author = {Golub, Gene H. and Reinsch, Christian},
  date = {1971},
  pages = {134--151},
  publisher = {{Springer}}
}

@article{Golub1987GenEck,
  title = {A Generalization of the {{Eckart-Young-Mirsky}} Matrix Approximation Theorem},
  author = {Golub, G. H. and Hoffman, Alan and Stewart, G. W.},
  date = {1987-04-01},
  journal = {Linear Algebra and its Applications},
  shortjournal = {Linear Algebra and its Applications},
  volume = {88--89},
  pages = {317--327},
  issn = {0024-3795},
  doi = {10.1016/0024-3795(87)90114-5},
  langid = {english}
}

@article{Golubski2016EcoNet,
  title = {Ecological {{Networks}} over the {{Edge}}: {{Hypergraph Trait-Mediated Indirect Interaction}} ({{TMII}}) {{Structure}}},
  author = {Golubski, Antonio J. and Westlund, Erik E. and Vandermeer, John and Pascual, Mercedes},
  date = {2016-05-01},
  journal = {Trends in Ecology \& Evolution},
  shortjournal = {Trends in Ecology \& Evolution},
  volume = {31},
  number = {5},
  pages = {344--354},
  issn = {0169-5347},
  doi = {10.1016/j.tree.2016.02.006},
  langid = {english}
}

@article{Gomez2010EcoInt,
  title = {Ecological Interactions Are Evolutionarily Conserved across the Entire Tree of Life},
  author = {G\'omez, Jos\'e M. and Verd\'u, Miguel and Perfectti, Francisco},
  date = {2010-06},
  journal = {Nature},
  volume = {465},
  number = {7300},
  pages = {918--921},
  publisher = {{Nature Publishing Group}},
  issn = {1476-4687},
  doi = {10.1038/nature09113},
  issue = {7300},
  langid = {english}
}

@article{Gravel2011TroThe,
  title = {Trophic Theory of Island Biogeography},
  author = {Gravel, Dominique and Massol, Fran\c{c}ois and Canard, Elsa and Mouillot, David and Mouquet, Nicolas},
  date = {2011},
  journal = {Ecology Letters},
  volume = {14},
  number = {10},
  pages = {1010--1016},
  issn = {1461-0248},
  doi = {10.1111/j.1461-0248.2011.01667.x},
  langid = {english}
}

@article{Gravel2016StaCom,
  title = {Stability and Complexity in Model Meta-Ecosystems},
  author = {Gravel, Dominique and Massol, Fran\c{c}ois and Leibold, Mathew A.},
  date = {2016-08-24},
  journal = {Nature Communications},
  volume = {7},
  pages = {12457},
  issn = {2041-1723},
  doi = {10.1038/ncomms12457},
  langid = {english}
}

@article{Gray2016Temperature,
  title = {Temperature and Trophic Structure Are Driving Microbial Productivity along a Biogeographical Gradient},
  author = {Gray, Sarah M. and Poisot, Timoth\'ee and Harvey, Eric and Mouquet, Nicolas and Miller, Thomas E. and Gravel, Dominique},
  date = {2016},
  journal = {Ecography},
  volume = {39},
  number = {10},
  pages = {981--989},
  issn = {1600-0587},
  doi = {10.1111/ecog.01748},
  langid = {english}
}

@article{Gu2016HowLona,
  ids = {Gu2016HowLon},
  title = {How Long the Singular Value Decomposed Entropy Predicts the Stock Market? \textemdash{} {{Evidence}} from the {{Dow Jones Industrial Average Index}}},
  author = {Gu, Rongbao and Shao, Yanmin},
  date = {2016-07},
  journal = {Physica A: Statistical Mechanics and its Applications},
  shortjournal = {Physica A: Statistical Mechanics and its Applications},
  volume = {453},
  pages = {150--161},
  publisher = {{Elsevier}},
  issn = {03784371},
  doi = {10.1016/j.physa.2016.02.030},
  langid = {english}
}

@article{Guzman2019MulExt,
  title = {Towards a Multi-Trophic Extension of Metacommunity Ecology},
  author = {Guzman, Laura Melissa and Germain, Rachel M. and Forbes, Coreen and Straus, Samantha and O'Connor, Mary I. and Gravel, Dominique and Srivastava, Diane S. and Thompson, Patrick L.},
  date = {2019},
  journal = {Ecology Letters},
  volume = {22},
  number = {1},
  pages = {19--33},
  issn = {1461-0248},
  doi = {10.1111/ele.13162},
  langid = {english}
}

@article{Hackett2019ResOur,
  title = {Reshaping Our Understanding of Species' Roles in Landscape-Scale Networks},
  author = {Hackett, Talya D. and Sauve, Alix M. C. and Davies, Nancy and Montoya, Daniel and Tylianakis, Jason M. and Memmott, Jane},
  date = {2019},
  journal = {Ecology Letters},
  volume = {22},
  number = {9},
  pages = {1367--1377},
  issn = {1461-0248},
  doi = {10.1111/ele.13292},
  langid = {english}
}

@article{Halko2011FinStr,
  title = {Finding {{Structure}} with {{Randomness}}: {{Probabilistic Algorithms}} for {{Constructing Approximate Matrix Decompositions}}},
  author = {Halko, N. and Martinsson, P. G. and Tropp, J. A.},
  date = {2011-01-01},
  journal = {SIAM Review},
  shortjournal = {SIAM Rev.},
  volume = {53},
  number = {2},
  pages = {217--288},
  publisher = {{Society for Industrial and Applied Mathematics}},
  issn = {0036-1445},
  doi = {10.1137/090771806}
}

@article{Harris2022Trait,
  title = {Trait Hypervolumes Based on Natural History Collections Can Detect Ecological Strategies That Are Distinct to Biogeographic Regions},
  author = {Harris, Timothy and Ottaviani, Gianluigi and Mulligan, Mark and Brummitt, Neil},
  date = {2022},
  journal = {Journal of Ecology},
  volume = {n/a},
  number = {n/a},
  issn = {1365-2745},
  doi = {10.1111/1365-2745.14005},
  langid = {english}
}

@article{Ives2004Foodweb,
  title = {Food-Web Interactions Govern the Resistance of Communities after Non-Random Extinctions},
  author = {Ives, Anthony R. and Cardinale, Bradley J.},
  date = {2004-05-13},
  journal = {Nature},
  volume = {429},
  number = {6988},
  pages = {174--7},
  publisher = {{Nature Publishing Group}},
  location = {{London, United States}},
  issn = {00280836},
  doi = {10.1038/nature02515},
  langid = {english},
  pagetotal = {174-7}
}

@article{Jacquet2016NoCom,
  title = {No Complexity\textendash Stability Relationship in Empirical Ecosystems},
  author = {Jacquet, Claire and Moritz, Charlotte and Morissette, Lyne and Legagneux, Pierre and Massol, Fran\c{c}ois and Archambault, Philippe and Gravel, Dominique},
  date = {2016-08-24},
  journal = {Nature Communications},
  volume = {7},
  pages = {12573},
  issn = {2041-1723},
  doi = {10.1038/ncomms12573}
}

@article{James2012DisNes,
  title = {Disentangling Nestedness from Models of Ecological Complexity},
  author = {James, Alex and Pitchford, Jonathan W. and Plank, Michael J.},
  date = {2012-07},
  journal = {Nature},
  volume = {487},
  number = {7406},
  pages = {227--230},
  publisher = {{Nature Publishing Group}},
  issn = {1476-4687},
  doi = {10.1038/nature11214},
  issue = {7406},
  langid = {english}
}

@article{Jordano2016ChaEco,
  title = {Chasing {{Ecological Interactions}}},
  author = {Jordano, Pedro},
  date = {2016-09-15},
  journal = {PLOS Biology},
  shortjournal = {PLOS Biology},
  volume = {14},
  number = {9},
  pages = {e1002559},
  publisher = {{Public Library of Science}},
  issn = {1545-7885},
  doi = {10.1371/journal.pbio.1002559},
  langid = {english}
}

@article{Jordano2016SamNet,
  title = {Sampling Networks of Ecological Interactions},
  author = {Jordano, Pedro},
  date = {2016-09},
  journal = {Functional Ecology},
  issn = {02698463},
  doi = {10.1111/1365-2435.12763},
  langid = {english}
}

@article{Landi2018ComSta,
  title = {Complexity and Stability of Ecological Networks: A Review of the Theory},
  author = {Landi, Pietro and Minoarivelo, Henintsoa O. and Br{\"a}nnstr{\"o}m, {\AA}ke and Hui, Cang and Dieckmann, Ulf},
  year = {2018},
  volume = {60},
  pages = {319--345},
  issn = {1438-390X},
  doi = {10.1007/s10144-018-0628-3},
  journal = {Population Ecology},
  language = {en},
  number = {4}
}

@article{Kirkpatrick1984OptSim,
  title = {Optimization by Simulated Annealing: {{Quantitative}} Studies},
  author = {Kirkpatrick, Scott},
  date = {1984},
  journal = {Journal of statistical physics},
  volume = {34},
  number = {5-6},
  pages = {975--986}
}

@article{Kopelke2017Foodweb,
  title = {Food-Web Structure of Willow-Galling Sawflies and Their Natural Enemies across {{Europe}}},
  author = {Kopelke, Jens-Peter and Nyman, Tommi and Cazelles, K\'evin and Gravel, Dominique and Vissault, Steve and Roslin, Tomas},
  date = {2017},
  journal = {Ecology},
  volume = {98},
  number = {6},
  pages = {1730--1730},
  issn = {1939-9170},
  doi = {10.1002/ecy.1832},
  langid = {english}
}

@article{Kopelke2017FooStr,
  title = {Food-Web Structure of Willow-Galling Sawflies and Their Natural Enemies across {{Europe}}},
  author = {Kopelke, Jens-Peter and Nyman, Tommi and Cazelles, K\'evin and Gravel, Dominique and Vissault, Steve and Roslin, Tomas},
  date = {2017},
  journal = {Ecology},
  volume = {98},
  number = {6},
  pages = {1730--1730},
  issn = {1939-9170},
  doi = {10.1002/ecy.1832},
  langid = {english}
}

@article{Landi2018ComSta,
  title = {Complexity and Stability of Ecological Networks: A Review of the Theory},
  author = {Landi, Pietro and Minoarivelo, Henintsoa O. and Br\"annstr\"om, \AA ke and Hui, Cang and Dieckmann, Ulf},
  date = {2018-10-01},
  journal = {Population Ecology},
  shortjournal = {Popul Ecol},
  volume = {60},
  number = {4},
  pages = {319--345},
  issn = {1438-390X},
  doi = {10.1007/s10144-018-0628-3},
  langid = {english}
}

@article{Laska1998Theoretical,
  title = {Theoretical {{Concepts}} and {{Empirical Approaches}} to {{Measuring Interaction Strength}}},
  author = {Laska, Mark S. and Wootton, J. Timothy},
  date = {1998-03},
  journal = {Ecology},
  shortjournal = {Ecology},
  volume = {79},
  number = {2},
  pages = {461--476},
  issn = {0012-9658},
  doi = {10.1890/0012-9658(1998)079[0461:TCAEAT]2.0.CO;2},
  langid = {english}
}

@article{Lawton1999AreThe,
  title = {Are {{There General Laws}} in {{Ecology}}?},
  author = {Lawton, John H.},
  date = {1999},
  journal = {Oikos},
  volume = {84},
  number = {2},
  eprint = {3546712},
  eprinttype = {jstor},
  pages = {177--192},
  publisher = {{[Nordic Society Oikos, Wiley]}},
  issn = {0030-1299},
  doi = {10.2307/3546712}
}

@article{Llewelyn2023Predicting,
  title = {Predicting Predator\textendash Prey Interactions in Terrestrial Endotherms Using Random Forest},
  author = {Llewelyn, John and Strona, Giovanni and Dickman, Christopher R. and Greenville, Aaron C. and Wardle, Glenda M. and Lee, Michael S. Y. and Doherty, Seamus and Shabani, Farzin and Saltr\'e, Fr\'ed\'erik and Bradshaw, Corey J. A.},
  date = {2023},
  journal = {Ecography},
  volume = {2023},
  number = {9},
  pages = {e06619},
  issn = {1600-0587},
  doi = {10.1111/ecog.06619},
  langid = {english}
}

@article{Losapio2021NetMot,
  title = {Network Motifs Involving Both Competition and Facilitation Predict Biodiversity in Alpine Plant Communities},
  author = {Losapio, Gianalberto and Sch\"ob, Christian and Staniczenko, Phillip P. A. and Carrara, Francesco and Palamara, Gian Marco and De Moraes, Consuelo M. and Mescher, Mark C. and Brooker, Rob W. and Butterfield, Bradley J. and Callaway, Ragan M. and Cavieres, Lohengrin A. and Kikvidze, Zaal and Lortie, Christopher J. and Michalet, Richard and Pugnaire, Francisco I. and Bascompte, Jordi},
  date = {2021-02-09},
  journal = {Proceedings of the National Academy of Sciences},
  shortjournal = {Proc Natl Acad Sci USA},
  volume = {118},
  number = {6},
  pages = {e2005759118},
  issn = {0027-8424, 1091-6490},
  doi = {10.1073/pnas.2005759118},
  langid = {english}
}

@article{MacDonald2020RevLina,
  ids = {MacDonald2020RevLin},
  title = {Revisiting the {{Links-Species Scaling Relationship}} in {{Food Webs}}},
  author = {MacDonald, Arthur Andrew Meahan and Banville, Francis and Poisot, Timoth\'ee},
  date = {2020-07},
  journal = {Patterns},
  shortjournal = {Patterns},
  pages = {100079},
  publisher = {{Elsevier}},
  issn = {26663899},
  doi = {10.1016/j.patter.2020.100079},
  langid = {english}
}

@article{Maiorano2020TetEu,
  title = {{{TETRA}}-{{EU}} 1.0: {{A}} Species-level Trophic Metaweb of {{European}} Tetrapods},
  author = {Maiorano, Luigi and Montemaggiori, Alessandro and Ficetola, Gentile Francesco and O'Connor, Louise and Thuiller, Wilfried},
  editor = {Hurlbert, Allen},
  date = {2020-09},
  journal = {Global Ecology and Biogeography},
  shortjournal = {Global Ecol Biogeogr},
  volume = {29},
  number = {9},
  pages = {1452--1457},
  issn = {1466-822X, 1466-8238},
  doi = {10.1111/geb.13138},
  langid = {english}
}

@article{Martinez1992ConCon,
  ids = {Mart92},
  title = {Constant {{Connectance}} in {{Community Food Webs}}},
  author = {Martinez, Neo D.},
  date = {1992},
  journal = {The American Naturalist},
  volume = {139},
  number = {6},
  eprint = {2462337},
  eprinttype = {jstor},
  pages = {1208--1218},
  publisher = {{[University of Chicago Press, American Society of Naturalists]}},
  issn = {0003-0147}
}

@article{Martins2022Global,
  title = {Global and Regional Ecological Boundaries Explain Abrupt Spatial Discontinuities in Avian Frugivory Interactions},
  author = {Martins, Lucas P. and Stouffer, Daniel B. and Blendinger, Pedro G. and B\"ohning-Gaese, Katrin and Buitr\'on-Jurado, Galo and Correia, Marta and Costa, Jos\'e Miguel and Dehling, D. Matthias and Donatti, Camila I. and Emer, Carine and Galetti, Mauro and Heleno, Ruben and Jordano, Pedro and Menezes, \'Icaro and Morante-Filho, Jos\'e Carlos and Mu\~noz, Marcia C. and Neuschulz, Eike Lena and Pizo, Marco Aur\'elio and Quiti\'an, Marta and Ruggera, Roman A. and Saavedra, Francisco and Santill\'an, Vinicio and Sanz D'Angelo, Virginia and Schleuning, Matthias and da Silva, Lu\'is Pascoal and Ribeiro da Silva, Fernanda and Tim\'oteo, S\'ergio and Traveset, Anna and Vollst\"adt, Maximilian G. R. and Tylianakis, Jason M.},
  options = {useprefix=true},
  date = {2022-11-14},
  journal = {Nature Communications},
  shortjournal = {Nat Commun},
  volume = {13},
  number = {1},
  pages = {6943},
  publisher = {{Nature Publishing Group}},
  issn = {2041-1723},
  doi = {10.1038/s41467-022-34355-w},
  issue = {1},
  langid = {english}
}

@article{May1976SimMat,
  title = {Simple Mathematical Models with Very Complicated Dynamics},
  author = {May, Robert M.},
  date = {1976-06},
  journal = {Nature},
  volume = {261},
  number = {5560},
  pages = {459},
  issn = {1476-4687},
  doi = {10.1038/261459a0},
  langid = {english}
}

@article{May1983Ecology,
  title = {Ecology: {{The}} Structure of Food Webs},
  author = {May, Robert M.},
  date = {1983-02},
  journal = {Nature},
  shortjournal = {Nature},
  volume = {301},
  number = {5901},
  pages = {566--568},
  issn = {0028-0836, 1476-4687},
  doi = {10.1038/301566a0},
  langid = {english}
}

@article{Maynard2018NetSpa,
  title = {Network Spandrels Reflect Ecological Assembly},
  author = {Maynard, Daniel S. and Serv\'an, Carlos A. and Allesina, Stefano},
  date = {2018},
  journal = {Ecology Letters},
  shortjournal = {Ecol Lett},
  pages = {n/a-n/a},
  issn = {1461-0248},
  doi = {10.1111/ele.12912},
  langid = {english}
}

@article{McLeod2020EffSpe,
  ids = {McLeod2020EffSpea},
  title = {Effects of Species Traits, Motif Profiles, and Environment on Spatial Variation in Multi-Trophic Antagonistic Networks},
  author = {McLeod, Anne M. and Leroux, Shawn J. and Chu, Cindy},
  date = {2020},
  journal = {Ecosphere},
  volume = {11},
  number = {2},
  pages = {e03018},
  issn = {2150-8925},
  doi = {10.1002/ecs2.3018},
  langid = {english}
}

@article{McLeod2021SamAsy,
  title = {Sampling and Asymptotic Network Properties of Spatial Multi-Trophic Networks},
  author = {McLeod, Anne and Leroux, Shawn J. and Gravel, Dominique and Chu, Cindy and Cirtwill, Alyssa R. and Fortin, Marie-Jos\'ee and Galiana, N\'uria and Poisot, Timoth\'ee and Wood, Spencer A.},
  date = {2021},
  journal = {Oikos},
  volume = {n/a},
  number = {n/a},
  issn = {1600-0706},
  doi = {10.1111/oik.08650},
  langid = {english}
}

@article{Memmott2004TolPola,
  ids = {Memmott2004TolPol},
  title = {Tolerance of {{Pollination Networks}} to {{Species Extinctions}}},
  author = {Memmott, Jane and Waser, Nickolas M. and Price, Mary V.},
  date = {2004},
  journal = {Proceedings: Biological Sciences},
  volume = {271},
  number = {1557},
  eprint = {4142921},
  eprinttype = {jstor},
  pages = {2605--2611},
  publisher = {{The Royal Society}},
  issn = {0962-8452}
}

@article{Montoya2006EcoNet,
  ids = {Montoya2006EcoNeta},
  title = {Ecological Networks and Their Fragility},
  author = {Montoya, Jos\'e M. and Pimm, Stuart L. and Sol\'e, Ricard V.},
  date = {2006-07},
  journal = {Nature},
  shortjournal = {Nature},
  volume = {442},
  number = {7100},
  pages = {259--264},
  publisher = {{Nature Publishing Group}},
  issn = {0028-0836, 1476-4687},
  doi = {10.1038/nature04927},
  issue = {7100},
  langid = {english}
}

@book{Newman2010NetInt,
  title = {Networks. {{An}} Introduction},
  author = {Newman, Mark E. J.},
  date = {2010},
  publisher = {{Oxford University Press}},
  location = {{New York, NY}}
}

@article{Pan2010SurTra,
  title = {A {{Survey}} on {{Transfer Learning}}},
  author = {Pan, Sinno Jialin and Yang, Qiang},
  date = {2010-10},
  journal = {IEEE Transactions on Knowledge and Data Engineering},
  volume = {22},
  number = {10},
  pages = {1345--1359},
  issn = {1558-2191},
  doi = {10.1109/TKDE.2009.191},
  eventtitle = {{{IEEE Transactions}} on {{Knowledge}} and {{Data Engineering}}}
}

@article{Park2004StaMec,
  title = {Statistical Mechanics of Networks},
  author = {Park, Juyong and Newman, M. E. J.},
  date = {2004-12-07},
  journal = {Physical Review E},
  shortjournal = {Phys. Rev. E},
  volume = {70},
  number = {6},
  pages = {066117},
  publisher = {{American Physical Society}},
  doi = {10.1103/PhysRevE.70.066117}
}

@unpublished{Passerini2011NeuEnt,
  title = {The von {{Neumann}} Entropy of Networks},
  author = {Passerini, Filippo and Severini, Simone},
  date = {2011},
  eprint = {0812.2597},
  eprinttype = {arxiv},
  eprintclass = {cond-mat, physics:quant-ph, q-bio},
  doi = {10.4018/978-1-60960-171-3.ch005},
  version = {1}
}

@article{Philibert2008SpaStr,
  ids = {Philibert2008SpaStra},
  title = {Spatial Structure Effects on the Detection of Patches Boundaries Using Local Operators},
  author = {Philibert, Mathieu D. and Fortin, Marie-Jos\'ee and Csillag, Ferenc},
  date = {2008-12},
  journal = {Environmental and Ecological Statistics},
  shortjournal = {Environ Ecol Stat},
  volume = {15},
  number = {4},
  pages = {447--467},
  issn = {1352-8505, 1573-3009},
  doi = {10.1007/s10651-007-0061-9},
  langid = {english}
}

@article{Phillips2011StrEco,
  title = {The Structure of Ecological State Transitions: {{Amplification}}, Synchronization, and Constraints in Responses to Environmental Change},
  author = {Phillips, Jonathan D.},
  date = {2011-12-01},
  journal = {Ecological Complexity},
  shortjournal = {Ecological Complexity},
  series = {Special {{Section}}: {{Complexity}} of {{Coupled Human}} and {{Natural Systems}}},
  volume = {8},
  number = {4},
  pages = {336--346},
  issn = {1476-945X},
  doi = {10.1016/j.ecocom.2011.07.004},
  langid = {english}
}

@article{Pichler2023Machine,
  title = {Machine Learning and Deep Learning\textemdash{{A}} Review for Ecologists},
  author = {Pichler, Maximilian and Hartig, Florian},
  date = {2023},
  journal = {Methods in Ecology and Evolution},
  volume = {14},
  number = {4},
  pages = {994--1016},
  issn = {2041-210X},
  doi = {10.1111/2041-210X.14061},
  langid = {english}
}

@book{Pielou1975EcoDiv,
  title = {Ecological Diversity},
  author = {Pielou, E. C.},
  date = {1975},
  publisher = {{Wiley}},
  location = {{New York}},
  isbn = {978-0-471-68925-6},
  pagetotal = {165}
}

@article{Pinheiro2023Latitudinal,
  title = {The Latitudinal Specialization Gradient of Bird\textendash Malarial Parasite Networks in {{South America}}: Lower Connectance, but More Evenly Distributed Interactions towards the Equator},
  author = {Pinheiro, Rafael B. P. and Felix, Gabriel M. F. and Bell, Jeffrey A. and Fecchio, Alan},
  date = {2023},
  journal = {Ecography},
  volume = {n/a},
  pages = {e06763},
  issn = {1600-0587},
  doi = {10.1111/ecog.06763},
  langid = {english}
}

@article{Poisot2014WheEco,
  ids = {pois14wen},
  title = {When Is an Ecological Network Complex? {{Connectance}} Drives Degree Distribution and Emerging Network Properties},
  author = {Poisot, Timoth\'ee and Gravel, Dominique},
  date = {2014-02-04},
  journal = {PeerJ},
  shortjournal = {PeerJ},
  volume = {2},
  pages = {e251},
  issn = {2167-8359},
  doi = {10.7717/peerj.251},
  langid = {english}
}

@article{Poisot2015SpeWhy,
  title = {Beyond Species: Why Ecological Interaction Networks Vary through Space and Time},
  author = {Poisot, Timoth\'ee and Stouffer, Daniel B. and Gravel, Dominique},
  date = {2015},
  journal = {Oikos},
  volume = {124},
  number = {3},
  pages = {243--251},
  issn = {1600-0706},
  doi = {10.1111/oik.01719},
  langid = {english}
}

@article{Poisot2016SynDat,
  title = {Synthetic Datasets and Community Tools for the Rapid Testing of Ecological Hypotheses},
  author = {Poisot, Timoth\'ee and Gravel, Dominique and Leroux, Shawn and Wood, Spencer A. and Fortin, Marie-Jos\'ee and Baiser, Benjamin and Cirtwill, Alyssa R. and Ara\'ujo, Miguel B. and Stouffer, Daniel B.},
  date = {2016},
  journal = {Ecography},
  volume = {39},
  number = {4},
  pages = {402--408},
  issn = {1600-0587},
  doi = {10.1111/ecog.01941},
  langid = {english}
}

@article{Poisot2019EcoJl,
  ids = {Poisot2019EcoJla},
  title = {{{EcologicalNetworks}}.Jl: Analysing Ecological Networks of Species Interactions},
  author = {Poisot, Timoth\'ee and B\'elisle, Zachary and Hoebeke, Laura and Stock, Michiel and Szefer, Piotr},
  date = {2019},
  journal = {Ecography},
  volume = {42},
  number = {11},
  pages = {1850--1861},
  issn = {1600-0587},
  doi = {10.1111/ecog.04310},
  langid = {english}
}

@article{Poisot2021GloKno,
  title = {Global Knowledge Gaps in Species Interaction Networks Data},
  author = {Poisot, Timoth\'ee and Bergeron, Gabriel and Cazelles, Kevin and Dallas, Tad and Gravel, Dominique and MacDonald, Andrew and Mercier, Benjamin and Violet, Cl\'ement and Vissault, Steve},
  date = {2021},
  journal = {Journal of Biogeography},
  volume = {n/a},
  number = {n/a},
  issn = {1365-2699},
  doi = {10.1111/jbi.14127},
  langid = {english}
}

@unpublished{Poisot2021ImpMam,
  title = {Imputing the Mammalian Virome with Linear Filtering and Singular Value Decomposition},
  author = {Poisot, Timoth\'ee and Ouellet, Marie-Andr\'ee and Mollentze, Nardus and Farrell, Maxwell J. and Becker, Daniel J. and Albery, Gregory F. and Gibb, Rory J. and Seifert, Stephanie N. and Carlson, Colin J.},
  date = {2021-05-31},
  eprint = {2105.14973},
  eprinttype = {arxiv},
  eprintclass = {q-bio}
}

@article{Poisot2023Guidelines,
  title = {Guidelines for the Prediction of Species Interactions through Binary Classification},
  author = {Poisot, Timoth\'ee},
  date = {2023},
  journal = {Methods in Ecology and Evolution},
  volume = {14},
  number = {5},
  pages = {1333--1345},
  issn = {2041-210X},
  doi = {10.1111/2041-210X.14071},
  langid = {english}
}

@article{Pomeranz2018InfPre,
  title = {Inferring Predator-Prey Interactions in Food Webs},
  author = {Pomeranz, Justin PF and Thompson, Ross M. and Poisot, Timoth\'ee and Harding, Jon S.},
  date = {2018},
  journal = {Methods in Ecology and Evolution},
  volume = {0},
  issn = {2041-210X},
  doi = {10.1111/2041-210X.13125},
  issue = {ja},
  langid = {english}
}

@article{Poulin2010NetAna,
  title = {Network Analysis Shining Light on Parasite Ecology and Diversity},
  author = {Poulin, Robert},
  date = {2010-10},
  journal = {Trends in Parasitology},
  volume = {26},
  number = {10},
  pages = {492--498},
  doi = {10.1016/j.pt.2010.05.008}
}

@article{Proulx2005NetThi,
  title = {Network Thinking in Ecology and Evolution},
  author = {Proulx, Stephen R. and Promislow, Daniel E. L. and Phillips, Patrick C.},
  date = {2005-06-01},
  journal = {Trends in Ecology \& Evolution},
  shortjournal = {Trends in Ecology \& Evolution},
  volume = {20},
  number = {6},
  eprint = {16701391},
  eprinttype = {pmid},
  pages = {345--353},
  issn = {0169-5347},
  doi = {10.1016/j.tree.2005.04.004},
  langid = {english}
}

@article{Riva2023Cohesive,
  title = {Toward a Cohesive Understanding of Ecological Complexity},
  author = {Riva, Federico and Graco-Roza, Caio and Daskalova, Gergana N. and Hudgins, Emma J. and Lewthwaite, Jayme M.~M. and Newman, Erica A. and Ryo, Masahiro and Mammola, Stefano},
  date = {2023-06-21},
  journal = {Science Advances},
  volume = {9},
  number = {25},
  pages = {eabq4207},
  publisher = {{American Association for the Advancement of Science}},
  doi = {10.1126/sciadv.abq4207}
}

@article{Roesch2021Julia,
  title = {Julia for Biologists},
  author = {Roesch, Elisabeth and Greener, Joe G. and MacLean, Adam L. and Nassar, Huda and Rackauckas, Christopher and Holy, Timothy E. and Stumpf, Michael P. H.},
  date = {2023},
  journal = {Nature Methods},
  volume = {20},
  pages = {655–664},
  doi = {https://doi.org/10.1038/s41592-023-01832-z}
}

@article{Rozdilsky2001ComCan,
  title = {Complexity Can Enhance Stability in Competitive Systems},
  author = {Rozdilsky, Ian D. and Stone, Lewi},
  date = {2001-08-14},
  journal = {Ecology Letters},
  volume = {4},
  number = {5},
  pages = {397--400},
  issn = {1461-0248},
  doi = {10.1046/j.1461-0248.2001.00249.x},
  langid = {english}
}

@article{Runghen2021ExpNod,
  title = {Exploiting Node Metadata to Predict Interactions in Large Networks Using Graph Embedding and Neural Networks},
  author = {Runghen, Rogini and Stouffer, Daniel B and Dalla Riva, Giulio V},
  date = {2021-06-11},
  doi = {10.1101/2021.06.10.447991},
  langid = {english}
}

@article{Saravia2018EcoNet,
  title = {Ecological {{Network}} Assembly: How the Regional Meta Web Influence Local Food Webs},
  author = {Saravia, Leonardo A. and Marina, Tomas Ignacio and Troch, Marleen De and Momo, Fernando R.},
  date = {2018-06-21},
  journal = {bioRxiv},
  pages = {340430},
  doi = {10.1101/340430},
  langid = {english}
}

@article{Saravia2022Ecological,
  title = {Ecological Network Assembly: {{How}} the Regional Metaweb Influences Local Food Webs},
  author = {Saravia, Leonardo A. and Marina, Tomas and Kristensen, Nadiah P. and De Troch, Marleen and Momo, Fernando R.},
  date = {2022-03},
  journal = {Journal of Animal Ecology},
  shortjournal = {J. Anim. Ecol.},
  volume = {91},
  number = {3},
  pages = {630--642},
  publisher = {{Wiley}},
  location = {{Hoboken}},
  issn = {0021-8790},
  doi = {10.1111/1365-2656.13652},
  langid = {english}
}

@article{Schoener1989FooWeb,
  title = {Food Webs from the Small to the Large},
  author = {Schoener, Thomas W},
  date = {1989},
  journal = {Ecology},
  volume = {70},
  number = {6},
  pages = {1559--1589}
}

@article{Shannon1948MatThe,
  title = {A Mathematical Theory of Communication},
  author = {Shannon, C. E.},
  date = {1948-07},
  journal = {The Bell System Technical Journal},
  volume = {27},
  number = {3},
  pages = {379--423},
  issn = {0005-8580},
  doi = {10.1002/j.1538-7305.1948.tb01338.x},
  eventtitle = {The {{Bell System Technical Journal}}}
}

@article{Staniczenko2013GhoNes,
  ids = {StanKopp13a,Staniczenko2013GhoNesa},
  title = {The Ghost of Nestedness in Ecological Networks},
  author = {Staniczenko, Phillip P. A. and Kopp, Jason C. and Allesina, Stefano},
  date = {2013-06},
  journal = {Nature Communications},
  shortjournal = {Nat Commun},
  volume = {4},
  number = {1},
  pages = {1391},
  issn = {2041-1723},
  doi = {10.1038/ncomms2422},
  langid = {english}
}

@article{Stock2021PaiLea,
  title = {Pairwise Learning for Predicting Pollination Interactions Based on Traits and Phylogeny},
  author = {Stock, Michiel},
  date = {2021},
  journal = {Ecological Modelling},
  pages = {14},
  langid = {english}
}

@article{Strydom2021FooWeb,
  title = {Food Web Reconstruction through Phylogenetic Transfer of Low-Rank Network Representation},
  author = {Strydom, Tanya and Bouskila, Salom\'e and Banville, Francis and Barros, Cerres and Caron, Dominique and Farrell, Maxwell J. and Fortin, Marie-Jos\'ee and Hemming, Victoria and Mercier, Benjamin and Pollock, Laura and Runghen, Rogini and Riva, Giulio Valentino Dalla and Poisot, Timoth\'ee},
  date = {2021-08-12T14:25:59},
  publisher = {{EcoEvoRxiv}},
  doi = {10.32942/osf.io/y7sdz},
  langid = {american}
}

@article{Strydom2021RoaPre,
  title = {A Roadmap towards Predicting Species Interaction Networks (across Space and Time)},
  author = {Strydom, Tanya and Catchen, Michael D. and Banville, Francis and Caron, Dominique and Dansereau, Gabriel and Desjardins-Proulx, Philippe and Forero-Mu\~noz, Norma R. and Higino, Gracielle and Mercier, Benjamin and Gonzalez, Andrew and Gravel, Dominique and Pollock, Laura and Poisot, Timoth\'ee},
  date = {2021-11-08},
  journal = {Philosophical Transactions of the Royal Society B: Biological Sciences},
  volume = {376},
  number = {1837},
  pages = {20210063},
  publisher = {{Royal Society}},
  doi = {10.1098/rstb.2021.0063}
}

@article{Strydom2021SvdEnt,
  title = {{{SVD Entropy Reveals}} the {{High Complexity}} of {{Ecological Networks}}},
  author = {Strydom, Tanya and Dalla Riva, Giulio V. and Poisot, Timoth\'ee},
  date = {2021},
  journal = {Frontiers in Ecology and Evolution},
  shortjournal = {Front. Ecol. Evol.},
  volume = {9},
  publisher = {{Frontiers}},
  issn = {2296-701X},
  doi = {10.3389/fevo.2021.623141},
  langid = {english}
}

@article{Strydom2022Spatialboundaries,
  title = {{{SpatialBoundaries}}.Jl: {{Edge}} Detection Using Spatial Wombling},
  author = {Strydom, Tanya and Poisot, Timoth\'ee},
  date = {2022-09-07},
  publisher = {{EcoEvoRxiv}},
  langid = {english}
}

@article{Thompson2017Dispersal,
  title = {Dispersal Governs the Reorganization of Ecological Networks under Environmental Change},
  author = {Thompson, Patrick L. and Gonzalez, Andrew},
  date = {2017-05-08},
  journal = {Nature Ecology \& Evolution},
  volume = {1},
  number = {6},
  pages = {0162},
  issn = {2397-334X},
  doi = {10.1038/s41559-017-0162},
  langid = {english}
}

@article{ThuillerNavigating,
  title = {Navigating the Integration of {{Biotic Interactions}} in {{Biogeography}}},
  author = {Thuiller, Wilfried and Calderon-Sanou, Irene and Chalmandrier, Lo\"ic and Ga\"uzere, Pierre and Ohlmann, Marc and Poggiato, Giovanni and M\"unkem\"uller, Tamara},
  langid = {english},
  date = {2023},
  journal = {Journal of Biogeography},
  doi = {10.1111/jbi.14734}
}

@incollection{Torrey2010TraLea,
  title = {Transfer Learning},
  booktitle = {Handbook of Research on Machine Learning Applications and Trends: Algorithms, Methods, and Techniques},
  author = {Torrey, Lisa and Shavlik, Jude},
  date = {2010},
  pages = {242--264},
  publisher = {{IGI global}}
}

@article{Trojelsgaard2016EcoNet,
  title = {Ecological Networks in Motion: Micro- and Macroscopic Variability across Scales},
  author = {Tr\o jelsgaard, Kristian and Olesen, Jens M.},
  date = {2016},
  journal = {Functional Ecology},
  volume = {30},
  number = {12},
  pages = {1926--1935},
  issn = {1365-2435},
  doi = {10.1111/1365-2435.12710},
  langid = {english}
}

@article{Ulrich2009ConSG,
  title = {A Consumer's Guide to Nestedness Analysis},
  author = {Ulrich, Werner and Almeida-Neto, M\'ario and Gotelli, Nicholas J.},
  date = {2009},
  journal = {Oikos},
  volume = {118},
  number = {1},
  pages = {3--17}
}

@article{Upham2019InfMam,
  title = {Inferring the Mammal Tree: {{Species-level}} Sets of Phylogenies for Questions in Ecology, Evolution, and Conservation},
  author = {Upham, Nathan S. and Esselstyn, Jacob A. and Jetz, Walter},
  date = {2019-12-04},
  journal = {PLOS Biology},
  shortjournal = {PLOS Biology},
  volume = {17},
  number = {12},
  pages = {e3000494},
  publisher = {{Public Library of Science}},
  issn = {1545-7885},
  doi = {10.1371/journal.pbio.3000494},
  langid = {english}
}

@article{Valverde2018ArcMut,
  title = {The Architecture of Mutualistic Networks as an Evolutionary Spandrel},
  author = {Valverde, Sergi and Pi\~nero, Jordi and Corominas-Murtra, Bernat and Montoya, Jose and Joppa, Lucas and Sol\'e, Ricard},
  date = {2018-01},
  journal = {Nature Ecology \& Evolution},
  volume = {2},
  number = {1},
  pages = {94},
  issn = {2397-334X},
  doi = {10.1038/s41559-017-0383-4},
  langid = {english}
}

@article{Vazquez2007SpeAbu,
  title = {Species Abundance and Asymmetric Interaction Strength in Ecological Networks},
  author = {V\'azquez, Diego P. and Meli\'an, Carlos J. and Williams, Neal M. and Bl\"uthgen, Nico and Krasnov, Boris R. and Poulin, Robert},
  date = {2007-07},
  journal = {Oikos},
  volume = {116},
  number = {7},
  pages = {1120--1127},
  issn = {00301299, 16000706},
  doi = {10.1111/j.0030-1299.2007.15828.x},
  langid = {english}
}

@article{Windsor2023Using,
  title = {Using Ecological Networks to Answer Questions in Global Biogeography and Ecology},
  author = {Windsor, Fredric M. and van den Hoogen, Johan and Crowther, Thomas W. and Evans, Darren M.},
  options = {useprefix=true},
  date = {2023},
  journal = {Journal of Biogeography},
  volume = {50},
  number = {1},
  pages = {57--69},
  issn = {1365-2699},
  doi = {10.1111/jbi.14447},
  langid = {english}
}

@article{Womble1951DifSys,
  title = {Differential {{Systematics}}},
  author = {Womble, William H.},
  date = {1951-09-28},
  journal = {Science},
  volume = {114},
  number = {2961},
  eprint = {14883851},
  eprinttype = {pmid},
  pages = {315--322},
  publisher = {{American Association for the Advancement of Science}},
  issn = {0036-8075, 1095-9203},
  doi = {10.1126/science.114.2961.315},
  langid = {english}
}

@article{Wood2022Missing,
  title = {Missing {{Interactions}}: {{The Current State}} of {{Multispecies Connectivity Analysis}}},
  author = {Wood, Sylvia L. R. and Martins, Kyle T. and Dumais-Lalonde, V\'eronique and Tanguy, Olivier and Maure, Fanny and St-Denis, Annick and Rayfield, Bronwyn and Martin, Amanda E. and Gonzalez, Andrew},
  date = {2022},
  journal = {Frontiers in Ecology and Evolution},
  volume = {10},
  issn = {2296-701X}
}

@inproceedings{Young2007RanDot,
  title = {Random {{Dot Product Graph Models}} for {{Social Networks}}},
  booktitle = {Algorithms and {{Models}} for the {{Web-Graph}}},
  author = {Young, Stephen J. and Scheinerman, Edward R.},
  editor = {Bonato, Anthony and Chung, Fan R. K.},
  date = {2007},
  series = {Lecture {{Notes}} in {{Computer Science}}},
  pages = {138--149},
  publisher = {{Springer}},
  location = {{Berlin, Heidelberg}},
  doi = {10.1007/978-3-540-77004-6_11},
  isbn = {978-3-540-77004-6},
  langid = {english}
}

@article{Young2021BayInf,
  title = {Bayesian Inference of Network Structure from Unreliable Data},
  author = {Young, Jean-Gabriel and Cantwell, George T and Newman, M E J},
  date = {2021-03-07},
  journal = {Journal of Complex Networks},
  shortjournal = {Journal of Complex Networks},
  volume = {8},
  number = {6},
  issn = {2051-1329},
  doi = {10.1093/comnet/cnaa046}
}

@article{Zurell2020TesSpe,
  title = {Testing Species Assemblage Predictions from Stacked and Joint Species Distribution Models},
  author = {Zurell, Damaris and Zimmermann, Niklaus E. and Gross, Helge and Baltensweiler, Andri and Sattler, Thomas and W\"uest, Rafael O.},
  date = {2020},
  journal = {Journal of Biogeography},
  volume = {47},
  number = {1},
  pages = {101--113},
  issn = {1365-2699},
  doi = {10.1111/jbi.13608},
  langid = {english}
}
